%YAML 1.1
%TAG !u! tag:unity3d.com,2011:
--- !u!29 &1
OcclusionCullingSettings:
  m_ObjectHideFlags: 0
  serializedVersion: 2
  m_OcclusionBakeSettings:
    smallestOccluder: 5
    smallestHole: 0.25
    backfaceThreshold: 100
  m_SceneGUID: 00000000000000000000000000000000
  m_OcclusionCullingData: {fileID: 0}
--- !u!104 &2
RenderSettings:
  m_ObjectHideFlags: 0
  serializedVersion: 9
  m_Fog: 0
  m_FogColor: {r: 0.5, g: 0.5, b: 0.5, a: 1}
  m_FogMode: 3
  m_FogDensity: 0.01
  m_LinearFogStart: 0
  m_LinearFogEnd: 300
  m_AmbientSkyColor: {r: 0.212, g: 0.227, b: 0.259, a: 1}
  m_AmbientEquatorColor: {r: 0.114, g: 0.125, b: 0.133, a: 1}
  m_AmbientGroundColor: {r: 0.047, g: 0.043, b: 0.035, a: 1}
  m_AmbientIntensity: 1
  m_AmbientMode: 0
  m_SubtractiveShadowColor: {r: 0.42, g: 0.478, b: 0.627, a: 1}
  m_SkyboxMaterial: {fileID: 10304, guid: 0000000000000000f000000000000000, type: 0}
  m_HaloStrength: 0.5
  m_FlareStrength: 1
  m_FlareFadeSpeed: 3
  m_HaloTexture: {fileID: 0}
  m_SpotCookie: {fileID: 10001, guid: 0000000000000000e000000000000000, type: 0}
  m_DefaultReflectionMode: 0
  m_DefaultReflectionResolution: 128
  m_ReflectionBounces: 1
  m_ReflectionIntensity: 1
  m_CustomReflection: {fileID: 0}
  m_Sun: {fileID: 705507994}
  m_IndirectSpecularColor: {r: 0.44866866, g: 0.49872196, b: 0.5756796, a: 1}
  m_UseRadianceAmbientProbe: 0
--- !u!157 &3
LightmapSettings:
  m_ObjectHideFlags: 0
  serializedVersion: 11
  m_GIWorkflowMode: 1
  m_GISettings:
    serializedVersion: 2
    m_BounceScale: 1
    m_IndirectOutputScale: 1
    m_AlbedoBoost: 1
    m_EnvironmentLightingMode: 0
    m_EnableBakedLightmaps: 1
    m_EnableRealtimeLightmaps: 0
  m_LightmapEditorSettings:
    serializedVersion: 12
    m_Resolution: 2
    m_BakeResolution: 40
    m_AtlasSize: 1024
    m_AO: 0
    m_AOMaxDistance: 1
    m_CompAOExponent: 1
    m_CompAOExponentDirect: 0
    m_ExtractAmbientOcclusion: 0
    m_Padding: 2
    m_LightmapParameters: {fileID: 0}
    m_LightmapsBakeMode: 1
    m_TextureCompression: 1
    m_FinalGather: 0
    m_FinalGatherFiltering: 1
    m_FinalGatherRayCount: 256
    m_ReflectionCompression: 2
    m_MixedBakeMode: 2
    m_BakeBackend: 1
    m_PVRSampling: 1
    m_PVRDirectSampleCount: 32
    m_PVRSampleCount: 500
    m_PVRBounces: 2
    m_PVREnvironmentSampleCount: 500
    m_PVREnvironmentReferencePointCount: 2048
    m_PVRFilteringMode: 2
    m_PVRDenoiserTypeDirect: 0
    m_PVRDenoiserTypeIndirect: 0
    m_PVRDenoiserTypeAO: 0
    m_PVRFilterTypeDirect: 0
    m_PVRFilterTypeIndirect: 0
    m_PVRFilterTypeAO: 0
    m_PVREnvironmentMIS: 0
    m_PVRCulling: 1
    m_PVRFilteringGaussRadiusDirect: 1
    m_PVRFilteringGaussRadiusIndirect: 5
    m_PVRFilteringGaussRadiusAO: 2
    m_PVRFilteringAtrousPositionSigmaDirect: 0.5
    m_PVRFilteringAtrousPositionSigmaIndirect: 2
    m_PVRFilteringAtrousPositionSigmaAO: 1
    m_ExportTrainingData: 0
    m_TrainingDataDestination: TrainingData
    m_LightProbeSampleCountMultiplier: 4
  m_LightingDataAsset: {fileID: 0}
  m_UseShadowmask: 1
--- !u!196 &4
NavMeshSettings:
  serializedVersion: 2
  m_ObjectHideFlags: 0
  m_BuildSettings:
    serializedVersion: 2
    agentTypeID: 0
    agentRadius: 0.5
    agentHeight: 2
    agentSlope: 45
    agentClimb: 0.4
    ledgeDropHeight: 0
    maxJumpAcrossDistance: 0
    minRegionArea: 2
    manualCellSize: 0
    cellSize: 0.16666667
    manualTileSize: 0
    tileSize: 256
    accuratePlacement: 0
    debug:
      m_Flags: 0
  m_NavMeshData: {fileID: 0}
--- !u!1001 &35932519
PrefabInstance:
  m_ObjectHideFlags: 0
  serializedVersion: 2
  m_Modification:
    m_TransformParent: {fileID: 2029852125}
    m_Modifications:
    - target: {fileID: 1375931195869800, guid: d21bc838ee876f94f8af8178c056f175, type: 3}
      propertyPath: m_Name
      value: Building_01_02 (2)
      objectReference: {fileID: 0}
    - target: {fileID: 4918214110310824, guid: d21bc838ee876f94f8af8178c056f175, type: 3}
      propertyPath: m_RootOrder
      value: 3
      objectReference: {fileID: 0}
    - target: {fileID: 4918214110310824, guid: d21bc838ee876f94f8af8178c056f175, type: 3}
      propertyPath: m_LocalPosition.x
      value: -2.3599749
      objectReference: {fileID: 0}
    - target: {fileID: 4918214110310824, guid: d21bc838ee876f94f8af8178c056f175, type: 3}
      propertyPath: m_LocalPosition.y
      value: 9.920743
      objectReference: {fileID: 0}
    - target: {fileID: 4918214110310824, guid: d21bc838ee876f94f8af8178c056f175, type: 3}
      propertyPath: m_LocalPosition.z
      value: -3.1400003
      objectReference: {fileID: 0}
    - target: {fileID: 4918214110310824, guid: d21bc838ee876f94f8af8178c056f175, type: 3}
      propertyPath: m_LocalRotation.w
      value: 1
      objectReference: {fileID: 0}
    - target: {fileID: 4918214110310824, guid: d21bc838ee876f94f8af8178c056f175, type: 3}
      propertyPath: m_LocalRotation.x
      value: -0
      objectReference: {fileID: 0}
    - target: {fileID: 4918214110310824, guid: d21bc838ee876f94f8af8178c056f175, type: 3}
      propertyPath: m_LocalRotation.y
      value: -0
      objectReference: {fileID: 0}
    - target: {fileID: 4918214110310824, guid: d21bc838ee876f94f8af8178c056f175, type: 3}
      propertyPath: m_LocalRotation.z
      value: -0
      objectReference: {fileID: 0}
    - target: {fileID: 4918214110310824, guid: d21bc838ee876f94f8af8178c056f175, type: 3}
      propertyPath: m_LocalEulerAnglesHint.x
      value: 0
      objectReference: {fileID: 0}
    - target: {fileID: 4918214110310824, guid: d21bc838ee876f94f8af8178c056f175, type: 3}
      propertyPath: m_LocalEulerAnglesHint.y
      value: 0
      objectReference: {fileID: 0}
    - target: {fileID: 4918214110310824, guid: d21bc838ee876f94f8af8178c056f175, type: 3}
      propertyPath: m_LocalEulerAnglesHint.z
      value: 0
      objectReference: {fileID: 0}
    m_RemovedComponents: []
  m_SourcePrefab: {fileID: 100100000, guid: d21bc838ee876f94f8af8178c056f175, type: 3}
--- !u!4 &49080914 stripped
Transform:
  m_CorrespondingSourceObject: {fileID: 4918214110310824, guid: d21bc838ee876f94f8af8178c056f175,
    type: 3}
  m_PrefabInstance: {fileID: 106909169}
  m_PrefabAsset: {fileID: 0}
--- !u!4 &57034212 stripped
Transform:
  m_CorrespondingSourceObject: {fileID: 4405915310296802, guid: 2f5811962b2c9c241b40465de1f9d338,
    type: 3}
  m_PrefabInstance: {fileID: 767017246}
  m_PrefabAsset: {fileID: 0}
--- !u!4 &62680985 stripped
Transform:
  m_CorrespondingSourceObject: {fileID: 4918214110310824, guid: d21bc838ee876f94f8af8178c056f175,
    type: 3}
  m_PrefabInstance: {fileID: 1069456968}
  m_PrefabAsset: {fileID: 0}
--- !u!1001 &106909169
PrefabInstance:
  m_ObjectHideFlags: 0
  serializedVersion: 2
  m_Modification:
    m_TransformParent: {fileID: 761287178}
    m_Modifications:
    - target: {fileID: 1375931195869800, guid: d21bc838ee876f94f8af8178c056f175, type: 3}
      propertyPath: m_Name
      value: Building_01_02 (2)
      objectReference: {fileID: 0}
    - target: {fileID: 4918214110310824, guid: d21bc838ee876f94f8af8178c056f175, type: 3}
      propertyPath: m_RootOrder
      value: 4
      objectReference: {fileID: 0}
    - target: {fileID: 4918214110310824, guid: d21bc838ee876f94f8af8178c056f175, type: 3}
      propertyPath: m_LocalPosition.x
      value: -2.2262392
      objectReference: {fileID: 0}
    - target: {fileID: 4918214110310824, guid: d21bc838ee876f94f8af8178c056f175, type: 3}
      propertyPath: m_LocalPosition.y
      value: 9.929999
      objectReference: {fileID: 0}
    - target: {fileID: 4918214110310824, guid: d21bc838ee876f94f8af8178c056f175, type: 3}
      propertyPath: m_LocalPosition.z
      value: 9.080679
      objectReference: {fileID: 0}
    - target: {fileID: 4918214110310824, guid: d21bc838ee876f94f8af8178c056f175, type: 3}
      propertyPath: m_LocalRotation.w
      value: 1
      objectReference: {fileID: 0}
    - target: {fileID: 4918214110310824, guid: d21bc838ee876f94f8af8178c056f175, type: 3}
      propertyPath: m_LocalRotation.x
      value: -0
      objectReference: {fileID: 0}
    - target: {fileID: 4918214110310824, guid: d21bc838ee876f94f8af8178c056f175, type: 3}
      propertyPath: m_LocalRotation.y
      value: -0
      objectReference: {fileID: 0}
    - target: {fileID: 4918214110310824, guid: d21bc838ee876f94f8af8178c056f175, type: 3}
      propertyPath: m_LocalRotation.z
      value: -0
      objectReference: {fileID: 0}
    - target: {fileID: 4918214110310824, guid: d21bc838ee876f94f8af8178c056f175, type: 3}
      propertyPath: m_LocalEulerAnglesHint.x
      value: 0
      objectReference: {fileID: 0}
    - target: {fileID: 4918214110310824, guid: d21bc838ee876f94f8af8178c056f175, type: 3}
      propertyPath: m_LocalEulerAnglesHint.y
      value: 0
      objectReference: {fileID: 0}
    - target: {fileID: 4918214110310824, guid: d21bc838ee876f94f8af8178c056f175, type: 3}
      propertyPath: m_LocalEulerAnglesHint.z
      value: 0
      objectReference: {fileID: 0}
    m_RemovedComponents: []
  m_SourcePrefab: {fileID: 100100000, guid: d21bc838ee876f94f8af8178c056f175, type: 3}
--- !u!4 &134721487 stripped
Transform:
  m_CorrespondingSourceObject: {fileID: 4988159916731932, guid: 58f3837c00cf03942a23143b93bcffd6,
    type: 3}
  m_PrefabInstance: {fileID: 1404036875}
  m_PrefabAsset: {fileID: 0}
--- !u!4 &204172783 stripped
Transform:
  m_CorrespondingSourceObject: {fileID: 4918214110310824, guid: d21bc838ee876f94f8af8178c056f175,
    type: 3}
  m_PrefabInstance: {fileID: 932333633}
  m_PrefabAsset: {fileID: 0}
--- !u!1001 &326009499
PrefabInstance:
  m_ObjectHideFlags: 0
  serializedVersion: 2
  m_Modification:
    m_TransformParent: {fileID: 2131694665}
    m_Modifications:
    - target: {fileID: 1557076822311242, guid: 2f5811962b2c9c241b40465de1f9d338, type: 3}
      propertyPath: m_Name
      value: Tree_01 (1)
      objectReference: {fileID: 0}
    - target: {fileID: 4405915310296802, guid: 2f5811962b2c9c241b40465de1f9d338, type: 3}
      propertyPath: m_RootOrder
      value: 2
      objectReference: {fileID: 0}
    - target: {fileID: 4405915310296802, guid: 2f5811962b2c9c241b40465de1f9d338, type: 3}
      propertyPath: m_LocalPosition.x
      value: 3.4300005
      objectReference: {fileID: 0}
    - target: {fileID: 4405915310296802, guid: 2f5811962b2c9c241b40465de1f9d338, type: 3}
      propertyPath: m_LocalPosition.y
      value: -2.4499989
      objectReference: {fileID: 0}
    - target: {fileID: 4405915310296802, guid: 2f5811962b2c9c241b40465de1f9d338, type: 3}
      propertyPath: m_LocalPosition.z
      value: 1.906868
      objectReference: {fileID: 0}
    - target: {fileID: 4405915310296802, guid: 2f5811962b2c9c241b40465de1f9d338, type: 3}
      propertyPath: m_LocalRotation.w
      value: 1
      objectReference: {fileID: 0}
    - target: {fileID: 4405915310296802, guid: 2f5811962b2c9c241b40465de1f9d338, type: 3}
      propertyPath: m_LocalRotation.x
      value: -0
      objectReference: {fileID: 0}
    - target: {fileID: 4405915310296802, guid: 2f5811962b2c9c241b40465de1f9d338, type: 3}
      propertyPath: m_LocalRotation.y
      value: -0
      objectReference: {fileID: 0}
    - target: {fileID: 4405915310296802, guid: 2f5811962b2c9c241b40465de1f9d338, type: 3}
      propertyPath: m_LocalRotation.z
      value: -0
      objectReference: {fileID: 0}
    - target: {fileID: 4405915310296802, guid: 2f5811962b2c9c241b40465de1f9d338, type: 3}
      propertyPath: m_LocalEulerAnglesHint.x
      value: 0
      objectReference: {fileID: 0}
    - target: {fileID: 4405915310296802, guid: 2f5811962b2c9c241b40465de1f9d338, type: 3}
      propertyPath: m_LocalEulerAnglesHint.y
      value: 0
      objectReference: {fileID: 0}
    - target: {fileID: 4405915310296802, guid: 2f5811962b2c9c241b40465de1f9d338, type: 3}
      propertyPath: m_LocalEulerAnglesHint.z
      value: 0
      objectReference: {fileID: 0}
    m_RemovedComponents: []
  m_SourcePrefab: {fileID: 100100000, guid: 2f5811962b2c9c241b40465de1f9d338, type: 3}
--- !u!4 &362933419 stripped
Transform:
  m_CorrespondingSourceObject: {fileID: 4918214110310824, guid: d21bc838ee876f94f8af8178c056f175,
    type: 3}
  m_PrefabInstance: {fileID: 1388455245}
  m_PrefabAsset: {fileID: 0}
--- !u!1001 &467156263
PrefabInstance:
  m_ObjectHideFlags: 0
  serializedVersion: 2
  m_Modification:
    m_TransformParent: {fileID: 761287178}
    m_Modifications:
    - target: {fileID: 1344566112080114, guid: 203a843a109478340a142eda8a571c70, type: 3}
      propertyPath: m_Name
      value: Building_01_03 (1)
      objectReference: {fileID: 0}
    - target: {fileID: 4623088121377170, guid: 203a843a109478340a142eda8a571c70, type: 3}
      propertyPath: m_RootOrder
      value: 3
      objectReference: {fileID: 0}
    - target: {fileID: 4623088121377170, guid: 203a843a109478340a142eda8a571c70, type: 3}
      propertyPath: m_LocalPosition.x
      value: -2.2034597
      objectReference: {fileID: 0}
    - target: {fileID: 4623088121377170, guid: 203a843a109478340a142eda8a571c70, type: 3}
      propertyPath: m_LocalPosition.y
      value: 11.5999975
      objectReference: {fileID: 0}
    - target: {fileID: 4623088121377170, guid: 203a843a109478340a142eda8a571c70, type: 3}
      propertyPath: m_LocalPosition.z
      value: 9.030679
      objectReference: {fileID: 0}
    - target: {fileID: 4623088121377170, guid: 203a843a109478340a142eda8a571c70, type: 3}
      propertyPath: m_LocalRotation.w
      value: 1
      objectReference: {fileID: 0}
    - target: {fileID: 4623088121377170, guid: 203a843a109478340a142eda8a571c70, type: 3}
      propertyPath: m_LocalRotation.x
      value: -0
      objectReference: {fileID: 0}
    - target: {fileID: 4623088121377170, guid: 203a843a109478340a142eda8a571c70, type: 3}
      propertyPath: m_LocalRotation.y
      value: -0
      objectReference: {fileID: 0}
    - target: {fileID: 4623088121377170, guid: 203a843a109478340a142eda8a571c70, type: 3}
      propertyPath: m_LocalRotation.z
      value: -0
      objectReference: {fileID: 0}
    - target: {fileID: 4623088121377170, guid: 203a843a109478340a142eda8a571c70, type: 3}
      propertyPath: m_LocalEulerAnglesHint.x
      value: 0
      objectReference: {fileID: 0}
    - target: {fileID: 4623088121377170, guid: 203a843a109478340a142eda8a571c70, type: 3}
      propertyPath: m_LocalEulerAnglesHint.y
      value: 0
      objectReference: {fileID: 0}
    - target: {fileID: 4623088121377170, guid: 203a843a109478340a142eda8a571c70, type: 3}
      propertyPath: m_LocalEulerAnglesHint.z
      value: 0
      objectReference: {fileID: 0}
    m_RemovedComponents: []
  m_SourcePrefab: {fileID: 100100000, guid: 203a843a109478340a142eda8a571c70, type: 3}
--- !u!4 &527207120 stripped
Transform:
  m_CorrespondingSourceObject: {fileID: 4918214110310824, guid: d21bc838ee876f94f8af8178c056f175,
    type: 3}
  m_PrefabInstance: {fileID: 1126620407}
  m_PrefabAsset: {fileID: 0}
--- !u!4 &604306933 stripped
Transform:
  m_CorrespondingSourceObject: {fileID: 4002537594865620, guid: c3fc861d491ff2a4ead81ab33146571f,
    type: 3}
  m_PrefabInstance: {fileID: 1477665268}
  m_PrefabAsset: {fileID: 0}
--- !u!1 &660650006
GameObject:
  m_ObjectHideFlags: 0
  m_CorrespondingSourceObject: {fileID: 0}
  m_PrefabInstance: {fileID: 0}
  m_PrefabAsset: {fileID: 0}
  serializedVersion: 6
  m_Component:
  - component: {fileID: 660650007}
  - component: {fileID: 660650011}
  - component: {fileID: 660650010}
  - component: {fileID: 660650009}
  - component: {fileID: 660650008}
  - component: {fileID: 660650012}
  m_Layer: 0
  m_Name: MainCamera
  m_TagString: Untagged
  m_Icon: {fileID: 0}
  m_NavMeshLayer: 0
  m_StaticEditorFlags: 0
  m_IsActive: 1
--- !u!4 &660650007
Transform:
  m_ObjectHideFlags: 0
  m_CorrespondingSourceObject: {fileID: 0}
  m_PrefabInstance: {fileID: 0}
  m_PrefabAsset: {fileID: 0}
  m_GameObject: {fileID: 660650006}
  m_LocalRotation: {x: 0.21158236, y: -0.20549195, z: 0.04559606, w: 0.954425}
  m_LocalPosition: {x: 7.3119674, y: 13.896282, z: -31.234657}
  m_LocalScale: {x: 1, y: 1, z: 1}
  m_Children: []
  m_Father: {fileID: 686241585}
  m_RootOrder: 0
  m_LocalEulerAnglesHint: {x: 10.14, y: 0.16, z: 0}
--- !u!114 &660650008
MonoBehaviour:
  m_ObjectHideFlags: 0
  m_CorrespondingSourceObject: {fileID: 0}
  m_PrefabInstance: {fileID: 0}
  m_PrefabAsset: {fileID: 0}
  m_GameObject: {fileID: 660650006}
  m_Enabled: 0
  m_EditorHideFlags: 0
  m_Script: {fileID: 11500000, guid: 0390079b6b0ba414a968a8a72b9536f8, type: 3}
  m_Name: 
  m_EditorClassIdentifier: 
  listCameras:
  - {fileID: 995341273}
  - {fileID: 1711469597}
  - {fileID: 792804131}
--- !u!114 &660650009
MonoBehaviour:
  m_ObjectHideFlags: 0
  m_CorrespondingSourceObject: {fileID: 0}
  m_PrefabInstance: {fileID: 0}
  m_PrefabAsset: {fileID: 0}
  m_GameObject: {fileID: 660650006}
  m_Enabled: 1
  m_EditorHideFlags: 0
  m_Script: {fileID: 11500000, guid: 72ece51f2901e7445ab60da3685d6b5f, type: 3}
  m_Name: 
  m_EditorClassIdentifier: 
  m_ShowDebugText: 0
  m_ShowCameraFrustum: 1
  m_IgnoreTimeScale: 0
  m_WorldUpOverride: {fileID: 0}
  m_UpdateMethod: 2
  m_BlendUpdateMethod: 1
  m_DefaultBlend:
    m_Style: 1
    m_Time: 0.5
    m_CustomCurve:
      serializedVersion: 2
      m_Curve: []
      m_PreInfinity: 2
      m_PostInfinity: 2
      m_RotationOrder: 4
  m_CustomBlends: {fileID: 0}
  m_CameraCutEvent:
    m_PersistentCalls:
      m_Calls: []
  m_CameraActivatedEvent:
    m_PersistentCalls:
      m_Calls: []
--- !u!81 &660650010
AudioListener:
  m_ObjectHideFlags: 0
  m_CorrespondingSourceObject: {fileID: 0}
  m_PrefabInstance: {fileID: 0}
  m_PrefabAsset: {fileID: 0}
  m_GameObject: {fileID: 660650006}
  m_Enabled: 1
--- !u!20 &660650011
Camera:
  m_ObjectHideFlags: 0
  m_CorrespondingSourceObject: {fileID: 0}
  m_PrefabInstance: {fileID: 0}
  m_PrefabAsset: {fileID: 0}
  m_GameObject: {fileID: 660650006}
  m_Enabled: 1
  serializedVersion: 2
  m_ClearFlags: 1
  m_BackGroundColor: {r: 0.19215687, g: 0.3019608, b: 0.4745098, a: 0}
  m_projectionMatrixMode: 1
  m_GateFitMode: 2
  m_FOVAxisMode: 0
  m_SensorSize: {x: 36, y: 24}
  m_LensShift: {x: 0, y: 0}
  m_FocalLength: 50
  m_NormalizedViewPortRect:
    serializedVersion: 2
    x: 0
    y: 0
    width: 1
    height: 1
  near clip plane: 0.3
  far clip plane: 1000
  field of view: 60
  orthographic: 0
  orthographic size: 5
  m_Depth: 0
  m_CullingMask:
    serializedVersion: 2
    m_Bits: 4294967295
  m_RenderingPath: -1
  m_TargetTexture: {fileID: 0}
  m_TargetDisplay: 0
  m_TargetEye: 3
  m_HDR: 1
  m_AllowMSAA: 1
  m_AllowDynamicResolution: 0
  m_ForceIntoRT: 0
  m_OcclusionCulling: 1
  m_StereoConvergence: 10
  m_StereoSeparation: 0.022
--- !u!114 &660650012
MonoBehaviour:
  m_ObjectHideFlags: 0
  m_CorrespondingSourceObject: {fileID: 0}
  m_PrefabInstance: {fileID: 0}
  m_PrefabAsset: {fileID: 0}
  m_GameObject: {fileID: 660650006}
  m_Enabled: 0
  m_EditorHideFlags: 0
  m_Script: {fileID: 11500000, guid: d2ab5702aeeba4b4a8200af78614ec7b, type: 3}
  m_Name: 
  m_EditorClassIdentifier: 
  listCameras:
  - {fileID: 0}
  - {fileID: 0}
  - {fileID: 0}
--- !u!1001 &670161838
PrefabInstance:
  m_ObjectHideFlags: 0
  serializedVersion: 2
  m_Modification:
    m_TransformParent: {fileID: 2029852125}
    m_Modifications:
    - target: {fileID: 1801484294960248, guid: c3fc861d491ff2a4ead81ab33146571f, type: 3}
      propertyPath: m_Name
      value: Building_01_01 (2)
      objectReference: {fileID: 0}
    - target: {fileID: 4002537594865620, guid: c3fc861d491ff2a4ead81ab33146571f, type: 3}
      propertyPath: m_RootOrder
      value: 0
      objectReference: {fileID: 0}
    - target: {fileID: 4002537594865620, guid: c3fc861d491ff2a4ead81ab33146571f, type: 3}
      propertyPath: m_LocalPosition.x
      value: -2.35
      objectReference: {fileID: 0}
    - target: {fileID: 4002537594865620, guid: c3fc861d491ff2a4ead81ab33146571f, type: 3}
      propertyPath: m_LocalPosition.y
      value: 3.64
      objectReference: {fileID: 0}
    - target: {fileID: 4002537594865620, guid: c3fc861d491ff2a4ead81ab33146571f, type: 3}
      propertyPath: m_LocalPosition.z
      value: -2.999321
      objectReference: {fileID: 0}
    - target: {fileID: 4002537594865620, guid: c3fc861d491ff2a4ead81ab33146571f, type: 3}
      propertyPath: m_LocalRotation.w
      value: 0
      objectReference: {fileID: 0}
    - target: {fileID: 4002537594865620, guid: c3fc861d491ff2a4ead81ab33146571f, type: 3}
      propertyPath: m_LocalRotation.x
      value: -0
      objectReference: {fileID: 0}
    - target: {fileID: 4002537594865620, guid: c3fc861d491ff2a4ead81ab33146571f, type: 3}
      propertyPath: m_LocalRotation.y
      value: 1
      objectReference: {fileID: 0}
    - target: {fileID: 4002537594865620, guid: c3fc861d491ff2a4ead81ab33146571f, type: 3}
      propertyPath: m_LocalRotation.z
      value: -0
      objectReference: {fileID: 0}
    - target: {fileID: 4002537594865620, guid: c3fc861d491ff2a4ead81ab33146571f, type: 3}
      propertyPath: m_LocalEulerAnglesHint.x
      value: 0
      objectReference: {fileID: 0}
    - target: {fileID: 4002537594865620, guid: c3fc861d491ff2a4ead81ab33146571f, type: 3}
      propertyPath: m_LocalEulerAnglesHint.y
      value: 180
      objectReference: {fileID: 0}
    - target: {fileID: 4002537594865620, guid: c3fc861d491ff2a4ead81ab33146571f, type: 3}
      propertyPath: m_LocalEulerAnglesHint.z
      value: 0
      objectReference: {fileID: 0}
    m_RemovedComponents: []
  m_SourcePrefab: {fileID: 100100000, guid: c3fc861d491ff2a4ead81ab33146571f, type: 3}
--- !u!4 &672281046 stripped
Transform:
  m_CorrespondingSourceObject: {fileID: 4918214110310824, guid: d21bc838ee876f94f8af8178c056f175,
    type: 3}
  m_PrefabInstance: {fileID: 965739690}
  m_PrefabAsset: {fileID: 0}
--- !u!1001 &683656431
PrefabInstance:
  m_ObjectHideFlags: 0
  serializedVersion: 2
  m_Modification:
    m_TransformParent: {fileID: 2131694665}
    m_Modifications:
    - target: {fileID: 1247401234000980, guid: 58f3837c00cf03942a23143b93bcffd6, type: 3}
      propertyPath: m_Name
      value: Tree_Ground_01
      objectReference: {fileID: 0}
    - target: {fileID: 4988159916731932, guid: 58f3837c00cf03942a23143b93bcffd6, type: 3}
      propertyPath: m_RootOrder
      value: 3
      objectReference: {fileID: 0}
    - target: {fileID: 4988159916731932, guid: 58f3837c00cf03942a23143b93bcffd6, type: 3}
      propertyPath: m_LocalPosition.x
      value: 3.4100003
      objectReference: {fileID: 0}
    - target: {fileID: 4988159916731932, guid: 58f3837c00cf03942a23143b93bcffd6, type: 3}
      propertyPath: m_LocalPosition.y
      value: -2.4499989
      objectReference: {fileID: 0}
    - target: {fileID: 4988159916731932, guid: 58f3837c00cf03942a23143b93bcffd6, type: 3}
      propertyPath: m_LocalPosition.z
      value: 1.9940281
      objectReference: {fileID: 0}
    - target: {fileID: 4988159916731932, guid: 58f3837c00cf03942a23143b93bcffd6, type: 3}
      propertyPath: m_LocalRotation.w
      value: 1
      objectReference: {fileID: 0}
    - target: {fileID: 4988159916731932, guid: 58f3837c00cf03942a23143b93bcffd6, type: 3}
      propertyPath: m_LocalRotation.x
      value: -0
      objectReference: {fileID: 0}
    - target: {fileID: 4988159916731932, guid: 58f3837c00cf03942a23143b93bcffd6, type: 3}
      propertyPath: m_LocalRotation.y
      value: -0
      objectReference: {fileID: 0}
    - target: {fileID: 4988159916731932, guid: 58f3837c00cf03942a23143b93bcffd6, type: 3}
      propertyPath: m_LocalRotation.z
      value: -0
      objectReference: {fileID: 0}
    - target: {fileID: 4988159916731932, guid: 58f3837c00cf03942a23143b93bcffd6, type: 3}
      propertyPath: m_LocalEulerAnglesHint.x
      value: 0
      objectReference: {fileID: 0}
    - target: {fileID: 4988159916731932, guid: 58f3837c00cf03942a23143b93bcffd6, type: 3}
      propertyPath: m_LocalEulerAnglesHint.y
      value: 0
      objectReference: {fileID: 0}
    - target: {fileID: 4988159916731932, guid: 58f3837c00cf03942a23143b93bcffd6, type: 3}
      propertyPath: m_LocalEulerAnglesHint.z
      value: 0
      objectReference: {fileID: 0}
    m_RemovedComponents: []
  m_SourcePrefab: {fileID: 100100000, guid: 58f3837c00cf03942a23143b93bcffd6, type: 3}
--- !u!1 &686241584
GameObject:
  m_ObjectHideFlags: 0
  m_CorrespondingSourceObject: {fileID: 0}
  m_PrefabInstance: {fileID: 0}
  m_PrefabAsset: {fileID: 0}
  serializedVersion: 6
  m_Component:
  - component: {fileID: 686241585}
  - component: {fileID: 686241586}
  m_Layer: 0
  m_Name: Camaras
  m_TagString: Untagged
  m_Icon: {fileID: 0}
  m_NavMeshLayer: 0
  m_StaticEditorFlags: 0
  m_IsActive: 1
--- !u!4 &686241585
Transform:
  m_ObjectHideFlags: 0
  m_CorrespondingSourceObject: {fileID: 0}
  m_PrefabInstance: {fileID: 0}
  m_PrefabAsset: {fileID: 0}
  m_GameObject: {fileID: 686241584}
  m_LocalRotation: {x: -0, y: -0, z: -0, w: 1}
  m_LocalPosition: {x: -8.903551, y: -6.251582, z: 31.714867}
  m_LocalScale: {x: 1, y: 1, z: 1}
  m_Children:
  - {fileID: 660650007}
  - {fileID: 995341272}
  - {fileID: 1711469596}
  - {fileID: 792804130}
  m_Father: {fileID: 764359260}
  m_RootOrder: 0
  m_LocalEulerAnglesHint: {x: 0, y: 0, z: 0}
--- !u!114 &686241586
MonoBehaviour:
  m_ObjectHideFlags: 0
  m_CorrespondingSourceObject: {fileID: 0}
  m_PrefabInstance: {fileID: 0}
  m_PrefabAsset: {fileID: 0}
  m_GameObject: {fileID: 686241584}
  m_Enabled: 1
  m_EditorHideFlags: 0
  m_Script: {fileID: 11500000, guid: af38e46a496f5bd468a09144329460ee, type: 3}
  m_Name: 
  m_EditorClassIdentifier: 
  listCameras:
  - {fileID: 995341273}
  - {fileID: 1711469597}
  - {fileID: 792804131}
--- !u!1 &696422979
GameObject:
  m_ObjectHideFlags: 0
  m_CorrespondingSourceObject: {fileID: 0}
  m_PrefabInstance: {fileID: 0}
  m_PrefabAsset: {fileID: 0}
  serializedVersion: 6
  m_Component:
  - component: {fileID: 696422980}
  m_Layer: 0
  m_Name: Ciudad 3
  m_TagString: Untagged
  m_Icon: {fileID: 0}
  m_NavMeshLayer: 0
  m_StaticEditorFlags: 0
  m_IsActive: 1
--- !u!4 &696422980
Transform:
  m_ObjectHideFlags: 0
  m_CorrespondingSourceObject: {fileID: 0}
  m_PrefabInstance: {fileID: 0}
  m_PrefabAsset: {fileID: 0}
  m_GameObject: {fileID: 696422979}
  m_LocalRotation: {x: 0, y: 0, z: 0, w: 1}
  m_LocalPosition: {x: 44.589386, y: -0.000058885624, z: 23.537365}
  m_LocalScale: {x: 1, y: 1, z: 1}
  m_Children: []
  m_Father: {fileID: 0}
  m_RootOrder: 3
  m_LocalEulerAnglesHint: {x: 0, y: 0, z: 0}
--- !u!1 &705507993
GameObject:
  m_ObjectHideFlags: 0
  m_CorrespondingSourceObject: {fileID: 0}
  m_PrefabInstance: {fileID: 0}
  m_PrefabAsset: {fileID: 0}
  serializedVersion: 6
  m_Component:
  - component: {fileID: 705507995}
  - component: {fileID: 705507994}
  m_Layer: 0
  m_Name: Directional Light
  m_TagString: Untagged
  m_Icon: {fileID: 0}
  m_NavMeshLayer: 0
  m_StaticEditorFlags: 0
  m_IsActive: 1
--- !u!108 &705507994
Light:
  m_ObjectHideFlags: 0
  m_CorrespondingSourceObject: {fileID: 0}
  m_PrefabInstance: {fileID: 0}
  m_PrefabAsset: {fileID: 0}
  m_GameObject: {fileID: 705507993}
  m_Enabled: 1
  serializedVersion: 10
  m_Type: 1
  m_Shape: 0
  m_Color: {r: 1, g: 0.95686275, b: 0.8392157, a: 1}
  m_Intensity: 2
  m_Range: 10
  m_SpotAngle: 30
  m_InnerSpotAngle: 21.80208
  m_CookieSize: 10
  m_Shadows:
    m_Type: 2
    m_Resolution: 3
    m_CustomResolution: -1
    m_Strength: 1
    m_Bias: 0.05
    m_NormalBias: 0.4
    m_NearPlane: 0.2
    m_CullingMatrixOverride:
      e00: 1
      e01: 0
      e02: 0
      e03: 0
      e10: 0
      e11: 1
      e12: 0
      e13: 0
      e20: 0
      e21: 0
      e22: 1
      e23: 0
      e30: 0
      e31: 0
      e32: 0
      e33: 1
    m_UseCullingMatrixOverride: 0
  m_Cookie: {fileID: 0}
  m_DrawHalo: 0
  m_Flare: {fileID: 0}
  m_RenderMode: 0
  m_CullingMask:
    serializedVersion: 2
    m_Bits: 4294967295
  m_RenderingLayerMask: 1
  m_Lightmapping: 1
  m_LightShadowCasterMode: 0
  m_AreaSize: {x: 1, y: 1}
  m_BounceIntensity: 1
  m_ColorTemperature: 6570
  m_UseColorTemperature: 0
  m_BoundingSphereOverride: {x: 0, y: 0, z: 0, w: 0}
  m_UseBoundingSphereOverride: 0
  m_ShadowRadius: 0
  m_ShadowAngle: 0
--- !u!4 &705507995
Transform:
  m_ObjectHideFlags: 0
  m_CorrespondingSourceObject: {fileID: 0}
  m_PrefabInstance: {fileID: 0}
  m_PrefabAsset: {fileID: 0}
  m_GameObject: {fileID: 705507993}
  m_LocalRotation: {x: 0.31585023, y: -0.45194772, z: 0.19711767, w: 0.8106335}
  m_LocalPosition: {x: 8.68, y: 6.3100004, z: -9.205973}
  m_LocalScale: {x: 1, y: 1.03, z: 1}
  m_Children: []
  m_Father: {fileID: 2131694665}
  m_RootOrder: 5
  m_LocalEulerAnglesHint: {x: 43.65, y: -57.2, z: 2.7}
--- !u!1 &761287177
GameObject:
  m_ObjectHideFlags: 0
  m_CorrespondingSourceObject: {fileID: 0}
  m_PrefabInstance: {fileID: 0}
  m_PrefabAsset: {fileID: 0}
  serializedVersion: 6
  m_Component:
  - component: {fileID: 761287178}
  m_Layer: 0
  m_Name: EdificioAlto2
  m_TagString: Untagged
  m_Icon: {fileID: 0}
  m_NavMeshLayer: 0
  m_StaticEditorFlags: 0
  m_IsActive: 1
--- !u!4 &761287178
Transform:
  m_ObjectHideFlags: 0
  m_CorrespondingSourceObject: {fileID: 0}
  m_PrefabInstance: {fileID: 0}
  m_PrefabAsset: {fileID: 0}
  m_GameObject: {fileID: 761287177}
  m_LocalRotation: {x: 0, y: 0, z: 0, w: 1}
  m_LocalPosition: {x: 0, y: 0, z: 0}
  m_LocalScale: {x: 1, y: 1, z: 1}
  m_Children:
  - {fileID: 604306933}
  - {fileID: 527207120}
  - {fileID: 204172783}
  - {fileID: 2073048206}
  - {fileID: 49080914}
  m_Father: {fileID: 2025765003}
  m_RootOrder: 1
  m_LocalEulerAnglesHint: {x: 0, y: 0, z: 0}
--- !u!1 &764359259
GameObject:
  m_ObjectHideFlags: 0
  m_CorrespondingSourceObject: {fileID: 0}
  m_PrefabInstance: {fileID: 0}
  m_PrefabAsset: {fileID: 0}
  serializedVersion: 6
  m_Component:
  - component: {fileID: 764359260}
  m_Layer: 0
  m_Name: Ciudad 1
  m_TagString: Untagged
  m_Icon: {fileID: 0}
  m_NavMeshLayer: 0
  m_StaticEditorFlags: 0
  m_IsActive: 1
--- !u!4 &764359260
Transform:
  m_ObjectHideFlags: 0
  m_CorrespondingSourceObject: {fileID: 0}
  m_PrefabInstance: {fileID: 0}
  m_PrefabAsset: {fileID: 0}
  m_GameObject: {fileID: 764359259}
  m_LocalRotation: {x: 0, y: 0, z: 0, w: 1}
  m_LocalPosition: {x: 6.2835255, y: 2.5723262, z: -39.715546}
  m_LocalScale: {x: 1, y: 1, z: 1}
  m_Children:
  - {fileID: 686241585}
  - {fileID: 2025765003}
  - {fileID: 1228358237}
  - {fileID: 2131694665}
  m_Father: {fileID: 0}
  m_RootOrder: 0
  m_LocalEulerAnglesHint: {x: 0, y: 0, z: 0}
--- !u!1001 &767017246
PrefabInstance:
  m_ObjectHideFlags: 0
  serializedVersion: 2
  m_Modification:
    m_TransformParent: {fileID: 2131694665}
    m_Modifications:
    - target: {fileID: 1557076822311242, guid: 2f5811962b2c9c241b40465de1f9d338, type: 3}
      propertyPath: m_Name
      value: Tree_01
      objectReference: {fileID: 0}
    - target: {fileID: 4405915310296802, guid: 2f5811962b2c9c241b40465de1f9d338, type: 3}
      propertyPath: m_RootOrder
      value: 1
      objectReference: {fileID: 0}
    - target: {fileID: 4405915310296802, guid: 2f5811962b2c9c241b40465de1f9d338, type: 3}
      propertyPath: m_LocalPosition.x
      value: 3.5800004
      objectReference: {fileID: 0}
    - target: {fileID: 4405915310296802, guid: 2f5811962b2c9c241b40465de1f9d338, type: 3}
      propertyPath: m_LocalPosition.y
      value: -2.369999
      objectReference: {fileID: 0}
    - target: {fileID: 4405915310296802, guid: 2f5811962b2c9c241b40465de1f9d338, type: 3}
      propertyPath: m_LocalPosition.z
      value: 9.764028
      objectReference: {fileID: 0}
    - target: {fileID: 4405915310296802, guid: 2f5811962b2c9c241b40465de1f9d338, type: 3}
      propertyPath: m_LocalRotation.w
      value: 1
      objectReference: {fileID: 0}
    - target: {fileID: 4405915310296802, guid: 2f5811962b2c9c241b40465de1f9d338, type: 3}
      propertyPath: m_LocalRotation.x
      value: -0
      objectReference: {fileID: 0}
    - target: {fileID: 4405915310296802, guid: 2f5811962b2c9c241b40465de1f9d338, type: 3}
      propertyPath: m_LocalRotation.y
      value: -0
      objectReference: {fileID: 0}
    - target: {fileID: 4405915310296802, guid: 2f5811962b2c9c241b40465de1f9d338, type: 3}
      propertyPath: m_LocalRotation.z
      value: -0
      objectReference: {fileID: 0}
    - target: {fileID: 4405915310296802, guid: 2f5811962b2c9c241b40465de1f9d338, type: 3}
      propertyPath: m_LocalEulerAnglesHint.x
      value: 0
      objectReference: {fileID: 0}
    - target: {fileID: 4405915310296802, guid: 2f5811962b2c9c241b40465de1f9d338, type: 3}
      propertyPath: m_LocalEulerAnglesHint.y
      value: 0
      objectReference: {fileID: 0}
    - target: {fileID: 4405915310296802, guid: 2f5811962b2c9c241b40465de1f9d338, type: 3}
      propertyPath: m_LocalEulerAnglesHint.z
      value: 0
      objectReference: {fileID: 0}
    m_RemovedComponents: []
  m_SourcePrefab: {fileID: 100100000, guid: 2f5811962b2c9c241b40465de1f9d338, type: 3}
--- !u!1 &792804129
GameObject:
  m_ObjectHideFlags: 0
  m_CorrespondingSourceObject: {fileID: 0}
  m_PrefabInstance: {fileID: 0}
  m_PrefabAsset: {fileID: 0}
  serializedVersion: 6
  m_Component:
  - component: {fileID: 792804130}
  - component: {fileID: 792804131}
  m_Layer: 0
  m_Name: CM vcam3
  m_TagString: Untagged
  m_Icon: {fileID: 0}
  m_NavMeshLayer: 0
  m_StaticEditorFlags: 0
  m_IsActive: 1
--- !u!4 &792804130
Transform:
  m_ObjectHideFlags: 0
  m_CorrespondingSourceObject: {fileID: 0}
  m_PrefabInstance: {fileID: 0}
  m_PrefabAsset: {fileID: 0}
  m_GameObject: {fileID: 792804129}
  m_LocalRotation: {x: 0.21158236, y: -0.20549195, z: 0.04559606, w: 0.954425}
  m_LocalPosition: {x: 7.3119674, y: 13.896282, z: -31.234657}
  m_LocalScale: {x: 1, y: 1, z: 1}
  m_Children:
  - {fileID: 1844748433}
  m_Father: {fileID: 686241585}
  m_RootOrder: 3
  m_LocalEulerAnglesHint: {x: 25, y: -24.3, z: 0.0050000004}
--- !u!114 &792804131
MonoBehaviour:
  m_ObjectHideFlags: 0
  m_CorrespondingSourceObject: {fileID: 0}
  m_PrefabInstance: {fileID: 0}
  m_PrefabAsset: {fileID: 0}
  m_GameObject: {fileID: 792804129}
  m_Enabled: 1
  m_EditorHideFlags: 0
  m_Script: {fileID: 11500000, guid: 45e653bab7fb20e499bda25e1b646fea, type: 3}
  m_Name: 
  m_EditorClassIdentifier: 
  m_ExcludedPropertiesInInspector:
  - m_Script
  m_LockStageInInspector: 
  m_StreamingVersion: 20170927
  m_Priority: 30
  m_StandbyUpdate: 2
  m_LookAt: {fileID: 0}
  m_Follow: {fileID: 0}
  m_Lens:
    FieldOfView: 60
    OrthographicSize: 5
    NearClipPlane: 0.3
    FarClipPlane: 1000
    Dutch: 0
    LensShift: {x: 0, y: 0}
  m_Transitions:
    m_BlendHint: 0
    m_InheritPosition: 0
    m_OnCameraLive:
      m_PersistentCalls:
        m_Calls: []
  m_LegacyBlendHint: 0
  m_ComponentOwner: {fileID: 1844748433}
--- !u!1001 &932333633
PrefabInstance:
  m_ObjectHideFlags: 0
  serializedVersion: 2
  m_Modification:
    m_TransformParent: {fileID: 761287178}
    m_Modifications:
    - target: {fileID: 1375931195869800, guid: d21bc838ee876f94f8af8178c056f175, type: 3}
      propertyPath: m_Name
      value: Building_01_02 (1)
      objectReference: {fileID: 0}
    - target: {fileID: 4918214110310824, guid: d21bc838ee876f94f8af8178c056f175, type: 3}
      propertyPath: m_RootOrder
      value: 2
      objectReference: {fileID: 0}
    - target: {fileID: 4918214110310824, guid: d21bc838ee876f94f8af8178c056f175, type: 3}
      propertyPath: m_LocalPosition.x
      value: -2.2262392
      objectReference: {fileID: 0}
    - target: {fileID: 4918214110310824, guid: d21bc838ee876f94f8af8178c056f175, type: 3}
      propertyPath: m_LocalPosition.y
      value: 8.299998
      objectReference: {fileID: 0}
    - target: {fileID: 4918214110310824, guid: d21bc838ee876f94f8af8178c056f175, type: 3}
      propertyPath: m_LocalPosition.z
      value: 9.080679
      objectReference: {fileID: 0}
    - target: {fileID: 4918214110310824, guid: d21bc838ee876f94f8af8178c056f175, type: 3}
      propertyPath: m_LocalRotation.w
      value: 1
      objectReference: {fileID: 0}
    - target: {fileID: 4918214110310824, guid: d21bc838ee876f94f8af8178c056f175, type: 3}
      propertyPath: m_LocalRotation.x
      value: -0
      objectReference: {fileID: 0}
    - target: {fileID: 4918214110310824, guid: d21bc838ee876f94f8af8178c056f175, type: 3}
      propertyPath: m_LocalRotation.y
      value: -0
      objectReference: {fileID: 0}
    - target: {fileID: 4918214110310824, guid: d21bc838ee876f94f8af8178c056f175, type: 3}
      propertyPath: m_LocalRotation.z
      value: -0
      objectReference: {fileID: 0}
    - target: {fileID: 4918214110310824, guid: d21bc838ee876f94f8af8178c056f175, type: 3}
      propertyPath: m_LocalEulerAnglesHint.x
      value: 0
      objectReference: {fileID: 0}
    - target: {fileID: 4918214110310824, guid: d21bc838ee876f94f8af8178c056f175, type: 3}
      propertyPath: m_LocalEulerAnglesHint.y
      value: 0
      objectReference: {fileID: 0}
    - target: {fileID: 4918214110310824, guid: d21bc838ee876f94f8af8178c056f175, type: 3}
      propertyPath: m_LocalEulerAnglesHint.z
      value: 0
      objectReference: {fileID: 0}
    m_RemovedComponents: []
  m_SourcePrefab: {fileID: 100100000, guid: d21bc838ee876f94f8af8178c056f175, type: 3}
--- !u!4 &946388112 stripped
Transform:
  m_CorrespondingSourceObject: {fileID: 4002537594865620, guid: c3fc861d491ff2a4ead81ab33146571f,
    type: 3}
  m_PrefabInstance: {fileID: 2142471998}
  m_PrefabAsset: {fileID: 0}
--- !u!1001 &965739690
PrefabInstance:
  m_ObjectHideFlags: 0
  serializedVersion: 2
  m_Modification:
    m_TransformParent: {fileID: 2029852125}
    m_Modifications:
    - target: {fileID: 1375931195869800, guid: d21bc838ee876f94f8af8178c056f175, type: 3}
      propertyPath: m_Name
      value: Building_01_02
      objectReference: {fileID: 0}
    - target: {fileID: 4918214110310824, guid: d21bc838ee876f94f8af8178c056f175, type: 3}
      propertyPath: m_RootOrder
      value: 1
      objectReference: {fileID: 0}
    - target: {fileID: 4918214110310824, guid: d21bc838ee876f94f8af8178c056f175, type: 3}
      propertyPath: m_LocalPosition.x
      value: -2.3470292
      objectReference: {fileID: 0}
    - target: {fileID: 4918214110310824, guid: d21bc838ee876f94f8af8178c056f175, type: 3}
      propertyPath: m_LocalPosition.y
      value: 6.7699995
      objectReference: {fileID: 0}
    - target: {fileID: 4918214110310824, guid: d21bc838ee876f94f8af8178c056f175, type: 3}
      propertyPath: m_LocalPosition.z
      value: -3.0859728
      objectReference: {fileID: 0}
    - target: {fileID: 4918214110310824, guid: d21bc838ee876f94f8af8178c056f175, type: 3}
      propertyPath: m_LocalRotation.w
      value: 1
      objectReference: {fileID: 0}
    - target: {fileID: 4918214110310824, guid: d21bc838ee876f94f8af8178c056f175, type: 3}
      propertyPath: m_LocalRotation.x
      value: -0
      objectReference: {fileID: 0}
    - target: {fileID: 4918214110310824, guid: d21bc838ee876f94f8af8178c056f175, type: 3}
      propertyPath: m_LocalRotation.y
      value: -0
      objectReference: {fileID: 0}
    - target: {fileID: 4918214110310824, guid: d21bc838ee876f94f8af8178c056f175, type: 3}
      propertyPath: m_LocalRotation.z
      value: -0
      objectReference: {fileID: 0}
    - target: {fileID: 4918214110310824, guid: d21bc838ee876f94f8af8178c056f175, type: 3}
      propertyPath: m_LocalEulerAnglesHint.x
      value: 0
      objectReference: {fileID: 0}
    - target: {fileID: 4918214110310824, guid: d21bc838ee876f94f8af8178c056f175, type: 3}
      propertyPath: m_LocalEulerAnglesHint.y
      value: 0
      objectReference: {fileID: 0}
    - target: {fileID: 4918214110310824, guid: d21bc838ee876f94f8af8178c056f175, type: 3}
      propertyPath: m_LocalEulerAnglesHint.z
      value: 0
      objectReference: {fileID: 0}
    m_RemovedComponents: []
  m_SourcePrefab: {fileID: 100100000, guid: d21bc838ee876f94f8af8178c056f175, type: 3}
--- !u!1 &995341271
GameObject:
  m_ObjectHideFlags: 0
  m_CorrespondingSourceObject: {fileID: 0}
  m_PrefabInstance: {fileID: 0}
  m_PrefabAsset: {fileID: 0}
  serializedVersion: 6
  m_Component:
  - component: {fileID: 995341272}
  - component: {fileID: 995341273}
  m_Layer: 0
  m_Name: CM vcam1
  m_TagString: Untagged
  m_Icon: {fileID: 0}
  m_NavMeshLayer: 0
  m_StaticEditorFlags: 0
  m_IsActive: 1
--- !u!4 &995341272
Transform:
  m_ObjectHideFlags: 0
  m_CorrespondingSourceObject: {fileID: 0}
  m_PrefabInstance: {fileID: 0}
  m_PrefabAsset: {fileID: 0}
  m_GameObject: {fileID: 995341271}
  m_LocalRotation: {x: 0.064769596, y: 0.68997276, z: -0.06214812, w: 0.718248}
  m_LocalPosition: {x: -22.705, y: 13.49, z: 1.18}
  m_LocalScale: {x: 1, y: 1, z: 1}
  m_Children:
  - {fileID: 1755712158}
  m_Father: {fileID: 686241585}
  m_RootOrder: 1
  m_LocalEulerAnglesHint: {x: 10.3, y: 87.7, z: 0.006}
--- !u!114 &995341273
MonoBehaviour:
  m_ObjectHideFlags: 0
  m_CorrespondingSourceObject: {fileID: 0}
  m_PrefabInstance: {fileID: 0}
  m_PrefabAsset: {fileID: 0}
  m_GameObject: {fileID: 995341271}
  m_Enabled: 1
  m_EditorHideFlags: 0
  m_Script: {fileID: 11500000, guid: 45e653bab7fb20e499bda25e1b646fea, type: 3}
  m_Name: 
  m_EditorClassIdentifier: 
  m_ExcludedPropertiesInInspector:
  - m_Script
  m_LockStageInInspector: 
  m_StreamingVersion: 20170927
  m_Priority: 10
  m_StandbyUpdate: 2
  m_LookAt: {fileID: 0}
  m_Follow: {fileID: 0}
  m_Lens:
    FieldOfView: 60
    OrthographicSize: 5
    NearClipPlane: 0.3
    FarClipPlane: 1000
    Dutch: 0
    LensShift: {x: 0, y: 0}
  m_Transitions:
    m_BlendHint: 0
    m_InheritPosition: 0
    m_OnCameraLive:
      m_PersistentCalls:
        m_Calls: []
  m_LegacyBlendHint: 0
  m_ComponentOwner: {fileID: 1755712158}
--- !u!1 &1043973924
GameObject:
  m_ObjectHideFlags: 0
  m_CorrespondingSourceObject: {fileID: 0}
  m_PrefabInstance: {fileID: 0}
  m_PrefabAsset: {fileID: 0}
  serializedVersion: 6
  m_Component:
  - component: {fileID: 1043973925}
  m_Layer: 0
  m_Name: Edificio2
  m_TagString: Untagged
  m_Icon: {fileID: 0}
  m_NavMeshLayer: 0
  m_StaticEditorFlags: 0
  m_IsActive: 1
--- !u!4 &1043973925
Transform:
  m_ObjectHideFlags: 0
  m_CorrespondingSourceObject: {fileID: 0}
  m_PrefabInstance: {fileID: 0}
  m_PrefabAsset: {fileID: 0}
  m_GameObject: {fileID: 1043973924}
  m_LocalRotation: {x: 0, y: 0, z: 0, w: 1}
  m_LocalPosition: {x: 0, y: 0, z: 0}
  m_LocalScale: {x: 1, y: 1, z: 1}
  m_Children:
  - {fileID: 1934187187}
  - {fileID: 1129295146}
  m_Father: {fileID: 1228358237}
  m_RootOrder: 1
  m_LocalEulerAnglesHint: {x: 0, y: 0, z: 0}
--- !u!1001 &1069456968
PrefabInstance:
  m_ObjectHideFlags: 0
  serializedVersion: 2
  m_Modification:
    m_TransformParent: {fileID: 2029852125}
    m_Modifications:
    - target: {fileID: 1375931195869800, guid: d21bc838ee876f94f8af8178c056f175, type: 3}
      propertyPath: m_Name
      value: Building_01_02 (1)
      objectReference: {fileID: 0}
    - target: {fileID: 4918214110310824, guid: d21bc838ee876f94f8af8178c056f175, type: 3}
      propertyPath: m_RootOrder
      value: 2
      objectReference: {fileID: 0}
    - target: {fileID: 4918214110310824, guid: d21bc838ee876f94f8af8178c056f175, type: 3}
      propertyPath: m_LocalPosition.x
      value: -2.3599749
      objectReference: {fileID: 0}
    - target: {fileID: 4918214110310824, guid: d21bc838ee876f94f8af8178c056f175, type: 3}
      propertyPath: m_LocalPosition.y
      value: 8.32
      objectReference: {fileID: 0}
    - target: {fileID: 4918214110310824, guid: d21bc838ee876f94f8af8178c056f175, type: 3}
      propertyPath: m_LocalPosition.z
      value: -3.1400003
      objectReference: {fileID: 0}
    - target: {fileID: 4918214110310824, guid: d21bc838ee876f94f8af8178c056f175, type: 3}
      propertyPath: m_LocalRotation.w
      value: 1
      objectReference: {fileID: 0}
    - target: {fileID: 4918214110310824, guid: d21bc838ee876f94f8af8178c056f175, type: 3}
      propertyPath: m_LocalRotation.x
      value: -0
      objectReference: {fileID: 0}
    - target: {fileID: 4918214110310824, guid: d21bc838ee876f94f8af8178c056f175, type: 3}
      propertyPath: m_LocalRotation.y
      value: -0
      objectReference: {fileID: 0}
    - target: {fileID: 4918214110310824, guid: d21bc838ee876f94f8af8178c056f175, type: 3}
      propertyPath: m_LocalRotation.z
      value: -0
      objectReference: {fileID: 0}
    - target: {fileID: 4918214110310824, guid: d21bc838ee876f94f8af8178c056f175, type: 3}
      propertyPath: m_LocalEulerAnglesHint.x
      value: 0
      objectReference: {fileID: 0}
    - target: {fileID: 4918214110310824, guid: d21bc838ee876f94f8af8178c056f175, type: 3}
      propertyPath: m_LocalEulerAnglesHint.y
      value: 0
      objectReference: {fileID: 0}
    - target: {fileID: 4918214110310824, guid: d21bc838ee876f94f8af8178c056f175, type: 3}
      propertyPath: m_LocalEulerAnglesHint.z
      value: 0
      objectReference: {fileID: 0}
    m_RemovedComponents: []
  m_SourcePrefab: {fileID: 100100000, guid: d21bc838ee876f94f8af8178c056f175, type: 3}
--- !u!4 &1098652910 stripped
Transform:
  m_CorrespondingSourceObject: {fileID: 4002537594865620, guid: c3fc861d491ff2a4ead81ab33146571f,
    type: 3}
  m_PrefabInstance: {fileID: 670161838}
  m_PrefabAsset: {fileID: 0}
--- !u!1001 &1126620407
PrefabInstance:
  m_ObjectHideFlags: 0
  serializedVersion: 2
  m_Modification:
    m_TransformParent: {fileID: 761287178}
    m_Modifications:
    - target: {fileID: 1375931195869800, guid: d21bc838ee876f94f8af8178c056f175, type: 3}
      propertyPath: m_Name
      value: Building_01_02
      objectReference: {fileID: 0}
    - target: {fileID: 4918214110310824, guid: d21bc838ee876f94f8af8178c056f175, type: 3}
      propertyPath: m_RootOrder
      value: 1
      objectReference: {fileID: 0}
    - target: {fileID: 4918214110310824, guid: d21bc838ee876f94f8af8178c056f175, type: 3}
      propertyPath: m_LocalPosition.x
      value: -2.25
      objectReference: {fileID: 0}
    - target: {fileID: 4918214110310824, guid: d21bc838ee876f94f8af8178c056f175, type: 3}
      propertyPath: m_LocalPosition.y
      value: 6.64
      objectReference: {fileID: 0}
    - target: {fileID: 4918214110310824, guid: d21bc838ee876f94f8af8178c056f175, type: 3}
      propertyPath: m_LocalPosition.z
      value: 9.041681
      objectReference: {fileID: 0}
    - target: {fileID: 4918214110310824, guid: d21bc838ee876f94f8af8178c056f175, type: 3}
      propertyPath: m_LocalRotation.w
      value: 1
      objectReference: {fileID: 0}
    - target: {fileID: 4918214110310824, guid: d21bc838ee876f94f8af8178c056f175, type: 3}
      propertyPath: m_LocalRotation.x
      value: -0
      objectReference: {fileID: 0}
    - target: {fileID: 4918214110310824, guid: d21bc838ee876f94f8af8178c056f175, type: 3}
      propertyPath: m_LocalRotation.y
      value: -0
      objectReference: {fileID: 0}
    - target: {fileID: 4918214110310824, guid: d21bc838ee876f94f8af8178c056f175, type: 3}
      propertyPath: m_LocalRotation.z
      value: -0
      objectReference: {fileID: 0}
    - target: {fileID: 4918214110310824, guid: d21bc838ee876f94f8af8178c056f175, type: 3}
      propertyPath: m_LocalEulerAnglesHint.x
      value: 0
      objectReference: {fileID: 0}
    - target: {fileID: 4918214110310824, guid: d21bc838ee876f94f8af8178c056f175, type: 3}
      propertyPath: m_LocalEulerAnglesHint.y
      value: 0
      objectReference: {fileID: 0}
    - target: {fileID: 4918214110310824, guid: d21bc838ee876f94f8af8178c056f175, type: 3}
      propertyPath: m_LocalEulerAnglesHint.z
      value: 0
      objectReference: {fileID: 0}
    m_RemovedComponents: []
  m_SourcePrefab: {fileID: 100100000, guid: d21bc838ee876f94f8af8178c056f175, type: 3}
--- !u!4 &1129295146 stripped
Transform:
  m_CorrespondingSourceObject: {fileID: 4623088121377170, guid: 203a843a109478340a142eda8a571c70,
    type: 3}
  m_PrefabInstance: {fileID: 1149076402}
  m_PrefabAsset: {fileID: 0}
--- !u!1 &1141901640
GameObject:
  m_ObjectHideFlags: 0
  m_CorrespondingSourceObject: {fileID: 0}
  m_PrefabInstance: {fileID: 0}
  m_PrefabAsset: {fileID: 0}
  serializedVersion: 6
  m_Component:
  - component: {fileID: 1141901641}
  m_Layer: 0
  m_Name: Ciudad 2
  m_TagString: Untagged
  m_Icon: {fileID: 0}
  m_NavMeshLayer: 0
  m_StaticEditorFlags: 0
  m_IsActive: 1
--- !u!4 &1141901641
Transform:
  m_ObjectHideFlags: 0
  m_CorrespondingSourceObject: {fileID: 0}
  m_PrefabInstance: {fileID: 0}
  m_PrefabAsset: {fileID: 0}
  m_GameObject: {fileID: 1141901640}
  m_LocalRotation: {x: 0, y: 0, z: 0, w: 1}
  m_LocalPosition: {x: 6.2835255, y: 2.5723262, z: -39.715546}
  m_LocalScale: {x: 1, y: 1, z: 1}
  m_Children: []
  m_Father: {fileID: 0}
  m_RootOrder: 2
  m_LocalEulerAnglesHint: {x: 0, y: 0, z: 0}
--- !u!1001 &1149076402
PrefabInstance:
  m_ObjectHideFlags: 0
  serializedVersion: 2
  m_Modification:
    m_TransformParent: {fileID: 1043973925}
    m_Modifications:
    - target: {fileID: 1344566112080114, guid: 203a843a109478340a142eda8a571c70, type: 3}
      propertyPath: m_Name
      value: Building_01_03 (2)
      objectReference: {fileID: 0}
    - target: {fileID: 4623088121377170, guid: 203a843a109478340a142eda8a571c70, type: 3}
      propertyPath: m_RootOrder
      value: 1
      objectReference: {fileID: 0}
    - target: {fileID: 4623088121377170, guid: 203a843a109478340a142eda8a571c70, type: 3}
      propertyPath: m_LocalPosition.x
      value: 4.59
      objectReference: {fileID: 0}
    - target: {fileID: 4623088121377170, guid: 203a843a109478340a142eda8a571c70, type: 3}
      propertyPath: m_LocalPosition.y
      value: 6.64
      objectReference: {fileID: 0}
    - target: {fileID: 4623088121377170, guid: 203a843a109478340a142eda8a571c70, type: 3}
      propertyPath: m_LocalPosition.z
      value: -5.97
      objectReference: {fileID: 0}
    - target: {fileID: 4623088121377170, guid: 203a843a109478340a142eda8a571c70, type: 3}
      propertyPath: m_LocalRotation.w
      value: 1
      objectReference: {fileID: 0}
    - target: {fileID: 4623088121377170, guid: 203a843a109478340a142eda8a571c70, type: 3}
      propertyPath: m_LocalRotation.x
      value: -0
      objectReference: {fileID: 0}
    - target: {fileID: 4623088121377170, guid: 203a843a109478340a142eda8a571c70, type: 3}
      propertyPath: m_LocalRotation.y
      value: -0
      objectReference: {fileID: 0}
    - target: {fileID: 4623088121377170, guid: 203a843a109478340a142eda8a571c70, type: 3}
      propertyPath: m_LocalRotation.z
      value: -0
      objectReference: {fileID: 0}
    - target: {fileID: 4623088121377170, guid: 203a843a109478340a142eda8a571c70, type: 3}
      propertyPath: m_LocalEulerAnglesHint.x
      value: 0
      objectReference: {fileID: 0}
    - target: {fileID: 4623088121377170, guid: 203a843a109478340a142eda8a571c70, type: 3}
      propertyPath: m_LocalEulerAnglesHint.y
      value: 0
      objectReference: {fileID: 0}
    - target: {fileID: 4623088121377170, guid: 203a843a109478340a142eda8a571c70, type: 3}
      propertyPath: m_LocalEulerAnglesHint.z
      value: 0
      objectReference: {fileID: 0}
    m_RemovedComponents: []
  m_SourcePrefab: {fileID: 100100000, guid: 203a843a109478340a142eda8a571c70, type: 3}
--- !u!1 &1228358236
GameObject:
  m_ObjectHideFlags: 0
  m_CorrespondingSourceObject: {fileID: 0}
  m_PrefabInstance: {fileID: 0}
  m_PrefabAsset: {fileID: 0}
  serializedVersion: 6
  m_Component:
  - component: {fileID: 1228358237}
  m_Layer: 0
  m_Name: Edificios Bajos
  m_TagString: Untagged
  m_Icon: {fileID: 0}
  m_NavMeshLayer: 0
  m_StaticEditorFlags: 0
  m_IsActive: 1
--- !u!4 &1228358237
Transform:
  m_ObjectHideFlags: 0
  m_CorrespondingSourceObject: {fileID: 0}
  m_PrefabInstance: {fileID: 0}
  m_PrefabAsset: {fileID: 0}
  m_GameObject: {fileID: 1228358236}
  m_LocalRotation: {x: -0, y: -0, z: -0, w: 1}
  m_LocalPosition: {x: -8.903551, y: -6.251582, z: 34.685547}
  m_LocalScale: {x: 1, y: 1, z: 1}
  m_Children:
  - {fileID: 2069550016}
  - {fileID: 1043973925}
  m_Father: {fileID: 764359260}
  m_RootOrder: 2
  m_LocalEulerAnglesHint: {x: 0, y: 0, z: 0}
--- !u!1001 &1388455245
PrefabInstance:
  m_ObjectHideFlags: 0
  serializedVersion: 2
  m_Modification:
    m_TransformParent: {fileID: 2029852125}
    m_Modifications:
    - target: {fileID: 1375931195869800, guid: d21bc838ee876f94f8af8178c056f175, type: 3}
      propertyPath: m_Name
      value: Building_01_02 (3)
      objectReference: {fileID: 0}
    - target: {fileID: 4918214110310824, guid: d21bc838ee876f94f8af8178c056f175, type: 3}
      propertyPath: m_RootOrder
      value: 4
      objectReference: {fileID: 0}
    - target: {fileID: 4918214110310824, guid: d21bc838ee876f94f8af8178c056f175, type: 3}
      propertyPath: m_LocalPosition.x
      value: -2.3599749
      objectReference: {fileID: 0}
    - target: {fileID: 4918214110310824, guid: d21bc838ee876f94f8af8178c056f175, type: 3}
      propertyPath: m_LocalPosition.y
      value: 11.540744
      objectReference: {fileID: 0}
    - target: {fileID: 4918214110310824, guid: d21bc838ee876f94f8af8178c056f175, type: 3}
      propertyPath: m_LocalPosition.z
      value: -3.1400003
      objectReference: {fileID: 0}
    - target: {fileID: 4918214110310824, guid: d21bc838ee876f94f8af8178c056f175, type: 3}
      propertyPath: m_LocalRotation.w
      value: 1
      objectReference: {fileID: 0}
    - target: {fileID: 4918214110310824, guid: d21bc838ee876f94f8af8178c056f175, type: 3}
      propertyPath: m_LocalRotation.x
      value: -0
      objectReference: {fileID: 0}
    - target: {fileID: 4918214110310824, guid: d21bc838ee876f94f8af8178c056f175, type: 3}
      propertyPath: m_LocalRotation.y
      value: -0
      objectReference: {fileID: 0}
    - target: {fileID: 4918214110310824, guid: d21bc838ee876f94f8af8178c056f175, type: 3}
      propertyPath: m_LocalRotation.z
      value: -0
      objectReference: {fileID: 0}
    - target: {fileID: 4918214110310824, guid: d21bc838ee876f94f8af8178c056f175, type: 3}
      propertyPath: m_LocalEulerAnglesHint.x
      value: 0
      objectReference: {fileID: 0}
    - target: {fileID: 4918214110310824, guid: d21bc838ee876f94f8af8178c056f175, type: 3}
      propertyPath: m_LocalEulerAnglesHint.y
      value: 0
      objectReference: {fileID: 0}
    - target: {fileID: 4918214110310824, guid: d21bc838ee876f94f8af8178c056f175, type: 3}
      propertyPath: m_LocalEulerAnglesHint.z
      value: 0
      objectReference: {fileID: 0}
    m_RemovedComponents: []
  m_SourcePrefab: {fileID: 100100000, guid: d21bc838ee876f94f8af8178c056f175, type: 3}
--- !u!4 &1401243996 stripped
Transform:
  m_CorrespondingSourceObject: {fileID: 4405915310296802, guid: 2f5811962b2c9c241b40465de1f9d338,
    type: 3}
  m_PrefabInstance: {fileID: 326009499}
  m_PrefabAsset: {fileID: 0}
--- !u!4 &1403793647 stripped
Transform:
  m_CorrespondingSourceObject: {fileID: 4623088121377170, guid: 203a843a109478340a142eda8a571c70,
    type: 3}
  m_PrefabInstance: {fileID: 1476644314}
  m_PrefabAsset: {fileID: 0}
--- !u!1001 &1404036875
PrefabInstance:
  m_ObjectHideFlags: 0
  serializedVersion: 2
  m_Modification:
    m_TransformParent: {fileID: 2131694665}
    m_Modifications:
    - target: {fileID: 1247401234000980, guid: 58f3837c00cf03942a23143b93bcffd6, type: 3}
      propertyPath: m_Name
      value: Tree_Ground_01 (1)
      objectReference: {fileID: 0}
    - target: {fileID: 4988159916731932, guid: 58f3837c00cf03942a23143b93bcffd6, type: 3}
      propertyPath: m_RootOrder
      value: 4
      objectReference: {fileID: 0}
    - target: {fileID: 4988159916731932, guid: 58f3837c00cf03942a23143b93bcffd6, type: 3}
      propertyPath: m_LocalPosition.x
      value: 3.57
      objectReference: {fileID: 0}
    - target: {fileID: 4988159916731932, guid: 58f3837c00cf03942a23143b93bcffd6, type: 3}
      propertyPath: m_LocalPosition.y
      value: -2.4499989
      objectReference: {fileID: 0}
    - target: {fileID: 4988159916731932, guid: 58f3837c00cf03942a23143b93bcffd6, type: 3}
      propertyPath: m_LocalPosition.z
      value: 9.69
      objectReference: {fileID: 0}
    - target: {fileID: 4988159916731932, guid: 58f3837c00cf03942a23143b93bcffd6, type: 3}
      propertyPath: m_LocalRotation.w
      value: 1
      objectReference: {fileID: 0}
    - target: {fileID: 4988159916731932, guid: 58f3837c00cf03942a23143b93bcffd6, type: 3}
      propertyPath: m_LocalRotation.x
      value: -0
      objectReference: {fileID: 0}
    - target: {fileID: 4988159916731932, guid: 58f3837c00cf03942a23143b93bcffd6, type: 3}
      propertyPath: m_LocalRotation.y
      value: -0
      objectReference: {fileID: 0}
    - target: {fileID: 4988159916731932, guid: 58f3837c00cf03942a23143b93bcffd6, type: 3}
      propertyPath: m_LocalRotation.z
      value: -0
      objectReference: {fileID: 0}
    - target: {fileID: 4988159916731932, guid: 58f3837c00cf03942a23143b93bcffd6, type: 3}
      propertyPath: m_LocalEulerAnglesHint.x
      value: 0
      objectReference: {fileID: 0}
    - target: {fileID: 4988159916731932, guid: 58f3837c00cf03942a23143b93bcffd6, type: 3}
      propertyPath: m_LocalEulerAnglesHint.y
      value: 0
      objectReference: {fileID: 0}
    - target: {fileID: 4988159916731932, guid: 58f3837c00cf03942a23143b93bcffd6, type: 3}
      propertyPath: m_LocalEulerAnglesHint.z
      value: 0
      objectReference: {fileID: 0}
    m_RemovedComponents: []
  m_SourcePrefab: {fileID: 100100000, guid: 58f3837c00cf03942a23143b93bcffd6, type: 3}
--- !u!4 &1406783007 stripped
Transform:
  m_CorrespondingSourceObject: {fileID: 4918214110310824, guid: d21bc838ee876f94f8af8178c056f175,
    type: 3}
  m_PrefabInstance: {fileID: 35932519}
  m_PrefabAsset: {fileID: 0}
--- !u!1001 &1438398429
PrefabInstance:
  m_ObjectHideFlags: 0
  serializedVersion: 2
  m_Modification:
    m_TransformParent: {fileID: 0}
    m_Modifications:
    - target: {fileID: 140260, guid: 3bb902e869a9e9647a693b910b597540, type: 3}
      propertyPath: m_Name
      value: Window
      objectReference: {fileID: 0}
    - target: {fileID: 406922, guid: 3bb902e869a9e9647a693b910b597540, type: 3}
      propertyPath: m_RootOrder
      value: 1
      objectReference: {fileID: 0}
    - target: {fileID: 406922, guid: 3bb902e869a9e9647a693b910b597540, type: 3}
      propertyPath: m_LocalScale.x
      value: 0.07
      objectReference: {fileID: 0}
    - target: {fileID: 406922, guid: 3bb902e869a9e9647a693b910b597540, type: 3}
      propertyPath: m_LocalScale.y
      value: 0.09
      objectReference: {fileID: 0}
    - target: {fileID: 406922, guid: 3bb902e869a9e9647a693b910b597540, type: 3}
      propertyPath: m_LocalScale.z
      value: 0.09
      objectReference: {fileID: 0}
    - target: {fileID: 406922, guid: 3bb902e869a9e9647a693b910b597540, type: 3}
      propertyPath: m_LocalPosition.x
      value: 0.67
      objectReference: {fileID: 0}
    - target: {fileID: 406922, guid: 3bb902e869a9e9647a693b910b597540, type: 3}
      propertyPath: m_LocalPosition.y
      value: 2.646
      objectReference: {fileID: 0}
    - target: {fileID: 406922, guid: 3bb902e869a9e9647a693b910b597540, type: 3}
      propertyPath: m_LocalPosition.z
      value: -1.489
      objectReference: {fileID: 0}
    - target: {fileID: 406922, guid: 3bb902e869a9e9647a693b910b597540, type: 3}
      propertyPath: m_LocalRotation.w
      value: 1
      objectReference: {fileID: 0}
    - target: {fileID: 406922, guid: 3bb902e869a9e9647a693b910b597540, type: 3}
      propertyPath: m_LocalRotation.x
      value: 0
      objectReference: {fileID: 0}
    - target: {fileID: 406922, guid: 3bb902e869a9e9647a693b910b597540, type: 3}
      propertyPath: m_LocalRotation.y
      value: 0
      objectReference: {fileID: 0}
    - target: {fileID: 406922, guid: 3bb902e869a9e9647a693b910b597540, type: 3}
      propertyPath: m_LocalRotation.z
      value: 0
      objectReference: {fileID: 0}
    - target: {fileID: 406922, guid: 3bb902e869a9e9647a693b910b597540, type: 3}
      propertyPath: m_LocalEulerAnglesHint.x
      value: 0
      objectReference: {fileID: 0}
    - target: {fileID: 406922, guid: 3bb902e869a9e9647a693b910b597540, type: 3}
      propertyPath: m_LocalEulerAnglesHint.y
      value: 0
      objectReference: {fileID: 0}
    - target: {fileID: 406922, guid: 3bb902e869a9e9647a693b910b597540, type: 3}
      propertyPath: m_LocalEulerAnglesHint.z
      value: 0
      objectReference: {fileID: 0}
    - target: {fileID: 2345946, guid: 3bb902e869a9e9647a693b910b597540, type: 3}
      propertyPath: m_Materials.Array.size
      value: 2
      objectReference: {fileID: 0}
    - target: {fileID: 2345946, guid: 3bb902e869a9e9647a693b910b597540, type: 3}
      propertyPath: m_Materials.Array.data[1]
      value: 
      objectReference: {fileID: 2100000, guid: a9ac2afc037b61749bb3f5e8e2de14e7, type: 2}
    m_RemovedComponents: []
  m_SourcePrefab: {fileID: 100100000, guid: 3bb902e869a9e9647a693b910b597540, type: 3}
--- !u!4 &1444706384 stripped
Transform:
  m_CorrespondingSourceObject: {fileID: 4988159916731932, guid: 58f3837c00cf03942a23143b93bcffd6,
    type: 3}
  m_PrefabInstance: {fileID: 683656431}
  m_PrefabAsset: {fileID: 0}
--- !u!1001 &1476644314
PrefabInstance:
  m_ObjectHideFlags: 0
  serializedVersion: 2
  m_Modification:
    m_TransformParent: {fileID: 2069550016}
    m_Modifications:
    - target: {fileID: 1344566112080114, guid: 203a843a109478340a142eda8a571c70, type: 3}
      propertyPath: m_Name
      value: Building_01_03 (2)
      objectReference: {fileID: 0}
    - target: {fileID: 4623088121377170, guid: 203a843a109478340a142eda8a571c70, type: 3}
      propertyPath: m_RootOrder
      value: 0
      objectReference: {fileID: 0}
    - target: {fileID: 4623088121377170, guid: 203a843a109478340a142eda8a571c70, type: 3}
      propertyPath: m_LocalPosition.x
      value: 4.51
      objectReference: {fileID: 0}
    - target: {fileID: 4623088121377170, guid: 203a843a109478340a142eda8a571c70, type: 3}
      propertyPath: m_LocalPosition.y
      value: 6.95
      objectReference: {fileID: 0}
    - target: {fileID: 4623088121377170, guid: 203a843a109478340a142eda8a571c70, type: 3}
      propertyPath: m_LocalPosition.z
      value: 5.972
      objectReference: {fileID: 0}
    - target: {fileID: 4623088121377170, guid: 203a843a109478340a142eda8a571c70, type: 3}
      propertyPath: m_LocalRotation.w
      value: 1
      objectReference: {fileID: 0}
    - target: {fileID: 4623088121377170, guid: 203a843a109478340a142eda8a571c70, type: 3}
      propertyPath: m_LocalRotation.x
      value: -0
      objectReference: {fileID: 0}
    - target: {fileID: 4623088121377170, guid: 203a843a109478340a142eda8a571c70, type: 3}
      propertyPath: m_LocalRotation.y
      value: -0
      objectReference: {fileID: 0}
    - target: {fileID: 4623088121377170, guid: 203a843a109478340a142eda8a571c70, type: 3}
      propertyPath: m_LocalRotation.z
      value: -0
      objectReference: {fileID: 0}
    - target: {fileID: 4623088121377170, guid: 203a843a109478340a142eda8a571c70, type: 3}
      propertyPath: m_LocalEulerAnglesHint.x
      value: 0
      objectReference: {fileID: 0}
    - target: {fileID: 4623088121377170, guid: 203a843a109478340a142eda8a571c70, type: 3}
      propertyPath: m_LocalEulerAnglesHint.y
      value: 0
      objectReference: {fileID: 0}
    - target: {fileID: 4623088121377170, guid: 203a843a109478340a142eda8a571c70, type: 3}
      propertyPath: m_LocalEulerAnglesHint.z
      value: 0
      objectReference: {fileID: 0}
    m_RemovedComponents: []
  m_SourcePrefab: {fileID: 100100000, guid: 203a843a109478340a142eda8a571c70, type: 3}
--- !u!1001 &1477665268
PrefabInstance:
  m_ObjectHideFlags: 0
  serializedVersion: 2
  m_Modification:
    m_TransformParent: {fileID: 761287178}
    m_Modifications:
    - target: {fileID: 1801484294960248, guid: c3fc861d491ff2a4ead81ab33146571f, type: 3}
      propertyPath: m_Name
      value: Building_01_01 (3)
      objectReference: {fileID: 0}
    - target: {fileID: 4002537594865620, guid: c3fc861d491ff2a4ead81ab33146571f, type: 3}
      propertyPath: m_RootOrder
      value: 0
      objectReference: {fileID: 0}
    - target: {fileID: 4002537594865620, guid: c3fc861d491ff2a4ead81ab33146571f, type: 3}
      propertyPath: m_LocalPosition.x
      value: -2.2000003
      objectReference: {fileID: 0}
    - target: {fileID: 4002537594865620, guid: c3fc861d491ff2a4ead81ab33146571f, type: 3}
      propertyPath: m_LocalPosition.y
      value: 3.61
      objectReference: {fileID: 0}
    - target: {fileID: 4002537594865620, guid: c3fc861d491ff2a4ead81ab33146571f, type: 3}
      propertyPath: m_LocalPosition.z
      value: 8.908165
      objectReference: {fileID: 0}
    - target: {fileID: 4002537594865620, guid: c3fc861d491ff2a4ead81ab33146571f, type: 3}
      propertyPath: m_LocalRotation.w
      value: 1
      objectReference: {fileID: 0}
    - target: {fileID: 4002537594865620, guid: c3fc861d491ff2a4ead81ab33146571f, type: 3}
      propertyPath: m_LocalRotation.x
      value: -0
      objectReference: {fileID: 0}
    - target: {fileID: 4002537594865620, guid: c3fc861d491ff2a4ead81ab33146571f, type: 3}
      propertyPath: m_LocalRotation.y
      value: -0
      objectReference: {fileID: 0}
    - target: {fileID: 4002537594865620, guid: c3fc861d491ff2a4ead81ab33146571f, type: 3}
      propertyPath: m_LocalRotation.z
      value: -0
      objectReference: {fileID: 0}
    - target: {fileID: 4002537594865620, guid: c3fc861d491ff2a4ead81ab33146571f, type: 3}
      propertyPath: m_LocalEulerAnglesHint.x
      value: 0
      objectReference: {fileID: 0}
    - target: {fileID: 4002537594865620, guid: c3fc861d491ff2a4ead81ab33146571f, type: 3}
      propertyPath: m_LocalEulerAnglesHint.y
      value: 0
      objectReference: {fileID: 0}
    - target: {fileID: 4002537594865620, guid: c3fc861d491ff2a4ead81ab33146571f, type: 3}
      propertyPath: m_LocalEulerAnglesHint.z
      value: 0
      objectReference: {fileID: 0}
    m_RemovedComponents: []
  m_SourcePrefab: {fileID: 100100000, guid: c3fc861d491ff2a4ead81ab33146571f, type: 3}
--- !u!1001 &1539560412
PrefabInstance:
  m_ObjectHideFlags: 0
  serializedVersion: 2
  m_Modification:
    m_TransformParent: {fileID: 2029852125}
    m_Modifications:
    - target: {fileID: 1344566112080114, guid: 203a843a109478340a142eda8a571c70, type: 3}
      propertyPath: m_Name
      value: Building_01_03
      objectReference: {fileID: 0}
    - target: {fileID: 4623088121377170, guid: 203a843a109478340a142eda8a571c70, type: 3}
      propertyPath: m_RootOrder
      value: 5
      objectReference: {fileID: 0}
    - target: {fileID: 4623088121377170, guid: 203a843a109478340a142eda8a571c70, type: 3}
      propertyPath: m_LocalPosition.x
      value: -2.351789
      objectReference: {fileID: 0}
    - target: {fileID: 4623088121377170, guid: 203a843a109478340a142eda8a571c70, type: 3}
      propertyPath: m_LocalPosition.y
      value: 13.17
      objectReference: {fileID: 0}
    - target: {fileID: 4623088121377170, guid: 203a843a109478340a142eda8a571c70, type: 3}
      propertyPath: m_LocalPosition.z
      value: -3.1800003
      objectReference: {fileID: 0}
    - target: {fileID: 4623088121377170, guid: 203a843a109478340a142eda8a571c70, type: 3}
      propertyPath: m_LocalRotation.w
      value: 1
      objectReference: {fileID: 0}
    - target: {fileID: 4623088121377170, guid: 203a843a109478340a142eda8a571c70, type: 3}
      propertyPath: m_LocalRotation.x
      value: -0
      objectReference: {fileID: 0}
    - target: {fileID: 4623088121377170, guid: 203a843a109478340a142eda8a571c70, type: 3}
      propertyPath: m_LocalRotation.y
      value: -0
      objectReference: {fileID: 0}
    - target: {fileID: 4623088121377170, guid: 203a843a109478340a142eda8a571c70, type: 3}
      propertyPath: m_LocalRotation.z
      value: -0
      objectReference: {fileID: 0}
    - target: {fileID: 4623088121377170, guid: 203a843a109478340a142eda8a571c70, type: 3}
      propertyPath: m_LocalEulerAnglesHint.x
      value: 0
      objectReference: {fileID: 0}
    - target: {fileID: 4623088121377170, guid: 203a843a109478340a142eda8a571c70, type: 3}
      propertyPath: m_LocalEulerAnglesHint.y
      value: 0
      objectReference: {fileID: 0}
    - target: {fileID: 4623088121377170, guid: 203a843a109478340a142eda8a571c70, type: 3}
      propertyPath: m_LocalEulerAnglesHint.z
      value: 0
      objectReference: {fileID: 0}
    m_RemovedComponents: []
  m_SourcePrefab: {fileID: 100100000, guid: 203a843a109478340a142eda8a571c70, type: 3}
--- !u!1 &1597288539
GameObject:
  m_ObjectHideFlags: 3
  m_CorrespondingSourceObject: {fileID: 0}
  m_PrefabInstance: {fileID: 0}
  m_PrefabAsset: {fileID: 0}
  serializedVersion: 6
  m_Component:
  - component: {fileID: 1597288540}
  - component: {fileID: 1597288543}
  m_Layer: 0
  m_Name: cm
  m_TagString: Untagged
  m_Icon: {fileID: 0}
  m_NavMeshLayer: 0
  m_StaticEditorFlags: 0
  m_IsActive: 1
--- !u!4 &1597288540
Transform:
  m_ObjectHideFlags: 3
  m_CorrespondingSourceObject: {fileID: 0}
  m_PrefabInstance: {fileID: 0}
  m_PrefabAsset: {fileID: 0}
  m_GameObject: {fileID: 1597288539}
  m_LocalRotation: {x: 0.17294711, y: 0.044895664, z: -0.007842542, w: -0.98387617}
  m_LocalPosition: {x: -0.48983622, y: 2.173132, z: 31.065403}
  m_LocalScale: {x: 1, y: 1, z: 1}
  m_Children: []
  m_Father: {fileID: 1711469596}
  m_RootOrder: 0
  m_LocalEulerAnglesHint: {x: 0, y: 0, z: 0}
--- !u!114 &1597288543
MonoBehaviour:
  m_ObjectHideFlags: 3
  m_CorrespondingSourceObject: {fileID: 0}
  m_PrefabInstance: {fileID: 0}
  m_PrefabAsset: {fileID: 0}
  m_GameObject: {fileID: 1597288539}
  m_Enabled: 1
  m_EditorHideFlags: 0
  m_Script: {fileID: 11500000, guid: ac0b09e7857660247b1477e93731de29, type: 3}
  m_Name: 
  m_EditorClassIdentifier: 
--- !u!4 &1610758935 stripped
Transform:
  m_CorrespondingSourceObject: {fileID: 4623088121377170, guid: 203a843a109478340a142eda8a571c70,
    type: 3}
  m_PrefabInstance: {fileID: 1539560412}
  m_PrefabAsset: {fileID: 0}
--- !u!1 &1711469595
GameObject:
  m_ObjectHideFlags: 0
  m_CorrespondingSourceObject: {fileID: 0}
  m_PrefabInstance: {fileID: 0}
  m_PrefabAsset: {fileID: 0}
  serializedVersion: 6
  m_Component:
  - component: {fileID: 1711469596}
  - component: {fileID: 1711469597}
  m_Layer: 0
  m_Name: CM vcam2
  m_TagString: Untagged
  m_Icon: {fileID: 0}
  m_NavMeshLayer: 0
  m_StaticEditorFlags: 0
  m_IsActive: 1
--- !u!4 &1711469596
Transform:
  m_ObjectHideFlags: 0
  m_CorrespondingSourceObject: {fileID: 0}
  m_PrefabInstance: {fileID: 0}
  m_PrefabAsset: {fileID: 0}
  m_GameObject: {fileID: 1711469595}
  m_LocalRotation: {x: -0.004717707, y: -0.9668611, z: 0.2546426, w: -0.017733954}
  m_LocalPosition: {x: 0.38038635, y: 20.45, z: 23.2}
  m_LocalScale: {x: 1, y: 1, z: 1}
  m_Children:
  - {fileID: 1597288540}
  m_Father: {fileID: 686241585}
  m_RootOrder: 2
  m_LocalEulerAnglesHint: {x: 29.51, y: -182.1, z: 0.006}
--- !u!114 &1711469597
MonoBehaviour:
  m_ObjectHideFlags: 0
  m_CorrespondingSourceObject: {fileID: 0}
  m_PrefabInstance: {fileID: 0}
  m_PrefabAsset: {fileID: 0}
  m_GameObject: {fileID: 1711469595}
  m_Enabled: 1
  m_EditorHideFlags: 0
  m_Script: {fileID: 11500000, guid: 45e653bab7fb20e499bda25e1b646fea, type: 3}
  m_Name: 
  m_EditorClassIdentifier: 
  m_ExcludedPropertiesInInspector:
  - m_Script
  m_LockStageInInspector: 
  m_StreamingVersion: 20170927
  m_Priority: 20
  m_StandbyUpdate: 2
  m_LookAt: {fileID: 0}
  m_Follow: {fileID: 0}
  m_Lens:
    FieldOfView: 60
    OrthographicSize: 5
    NearClipPlane: 0.3
    FarClipPlane: 1000
    Dutch: 0
    LensShift: {x: 0, y: 0}
  m_Transitions:
    m_BlendHint: 0
    m_InheritPosition: 0
    m_OnCameraLive:
      m_PersistentCalls:
        m_Calls: []
  m_LegacyBlendHint: 0
  m_ComponentOwner: {fileID: 1597288540}
--- !u!1 &1755712157
GameObject:
  m_ObjectHideFlags: 3
  m_CorrespondingSourceObject: {fileID: 0}
  m_PrefabInstance: {fileID: 0}
  m_PrefabAsset: {fileID: 0}
  serializedVersion: 6
  m_Component:
  - component: {fileID: 1755712158}
  - component: {fileID: 1755712161}
  m_Layer: 0
  m_Name: cm
  m_TagString: Untagged
  m_Icon: {fileID: 0}
  m_NavMeshLayer: 0
  m_StaticEditorFlags: 0
  m_IsActive: 1
--- !u!4 &1755712158
Transform:
  m_ObjectHideFlags: 3
  m_CorrespondingSourceObject: {fileID: 0}
  m_PrefabInstance: {fileID: 0}
  m_PrefabAsset: {fileID: 0}
  m_GameObject: {fileID: 1755712157}
  m_LocalRotation: {x: 0.17294711, y: 0.044895664, z: -0.007842542, w: -0.98387617}
  m_LocalPosition: {x: -0.48983622, y: 2.173132, z: 31.065403}
  m_LocalScale: {x: 1, y: 1, z: 1}
  m_Children: []
  m_Father: {fileID: 995341272}
  m_RootOrder: 0
  m_LocalEulerAnglesHint: {x: 0, y: 0, z: 0}
--- !u!114 &1755712161
MonoBehaviour:
  m_ObjectHideFlags: 3
  m_CorrespondingSourceObject: {fileID: 0}
  m_PrefabInstance: {fileID: 0}
  m_PrefabAsset: {fileID: 0}
  m_GameObject: {fileID: 1755712157}
  m_Enabled: 1
  m_EditorHideFlags: 0
  m_Script: {fileID: 11500000, guid: ac0b09e7857660247b1477e93731de29, type: 3}
  m_Name: 
  m_EditorClassIdentifier: 
--- !u!1 &1844748432
GameObject:
  m_ObjectHideFlags: 3
  m_CorrespondingSourceObject: {fileID: 0}
  m_PrefabInstance: {fileID: 0}
  m_PrefabAsset: {fileID: 0}
  serializedVersion: 6
  m_Component:
  - component: {fileID: 1844748433}
  - component: {fileID: 1844748436}
  m_Layer: 0
  m_Name: cm
  m_TagString: Untagged
  m_Icon: {fileID: 0}
  m_NavMeshLayer: 0
  m_StaticEditorFlags: 0
  m_IsActive: 1
--- !u!4 &1844748433
Transform:
  m_ObjectHideFlags: 3
  m_CorrespondingSourceObject: {fileID: 0}
  m_PrefabInstance: {fileID: 0}
  m_PrefabAsset: {fileID: 0}
  m_GameObject: {fileID: 1844748432}
  m_LocalRotation: {x: -0.15810412, y: 0.41760728, z: -0.07408633, w: 0.8916942}
  m_LocalPosition: {x: 27.135225, y: 0.28044987, z: 30.486298}
  m_LocalScale: {x: 1, y: 1, z: 1}
  m_Children: []
  m_Father: {fileID: 792804130}
  m_RootOrder: 0
  m_LocalEulerAnglesHint: {x: 0, y: 0, z: 0}
--- !u!114 &1844748436
MonoBehaviour:
  m_ObjectHideFlags: 3
  m_CorrespondingSourceObject: {fileID: 0}
  m_PrefabInstance: {fileID: 0}
  m_PrefabAsset: {fileID: 0}
  m_GameObject: {fileID: 1844748432}
  m_Enabled: 1
  m_EditorHideFlags: 0
  m_Script: {fileID: 11500000, guid: ac0b09e7857660247b1477e93731de29, type: 3}
  m_Name: 
  m_EditorClassIdentifier: 
--- !u!1001 &1905855787
PrefabInstance:
  m_ObjectHideFlags: 0
  serializedVersion: 2
  m_Modification:
    m_TransformParent: {fileID: 1043973925}
    m_Modifications:
    - target: {fileID: 100000, guid: 960e5d357c0895549848a4719f062fbc, type: 3}
      propertyPath: m_Name
      value: Building_01_01 (1)
      objectReference: {fileID: 0}
    - target: {fileID: 400000, guid: 960e5d357c0895549848a4719f062fbc, type: 3}
      propertyPath: m_RootOrder
      value: 0
      objectReference: {fileID: 0}
    - target: {fileID: 400000, guid: 960e5d357c0895549848a4719f062fbc, type: 3}
      propertyPath: m_LocalPosition.x
      value: 4.6
      objectReference: {fileID: 0}
    - target: {fileID: 400000, guid: 960e5d357c0895549848a4719f062fbc, type: 3}
      propertyPath: m_LocalPosition.y
      value: 3.62
      objectReference: {fileID: 0}
    - target: {fileID: 400000, guid: 960e5d357c0895549848a4719f062fbc, type: 3}
      propertyPath: m_LocalPosition.z
      value: -5.7500005
      objectReference: {fileID: 0}
    - target: {fileID: 400000, guid: 960e5d357c0895549848a4719f062fbc, type: 3}
      propertyPath: m_LocalRotation.w
      value: 0
      objectReference: {fileID: 0}
    - target: {fileID: 400000, guid: 960e5d357c0895549848a4719f062fbc, type: 3}
      propertyPath: m_LocalRotation.x
      value: 0.00000028088027
      objectReference: {fileID: 0}
    - target: {fileID: 400000, guid: 960e5d357c0895549848a4719f062fbc, type: 3}
      propertyPath: m_LocalRotation.y
      value: -1
      objectReference: {fileID: 0}
    - target: {fileID: 400000, guid: 960e5d357c0895549848a4719f062fbc, type: 3}
      propertyPath: m_LocalRotation.z
      value: -0
      objectReference: {fileID: 0}
    - target: {fileID: 400000, guid: 960e5d357c0895549848a4719f062fbc, type: 3}
      propertyPath: m_LocalEulerAnglesHint.x
      value: 180
      objectReference: {fileID: 0}
    - target: {fileID: 400000, guid: 960e5d357c0895549848a4719f062fbc, type: 3}
      propertyPath: m_LocalEulerAnglesHint.y
      value: 0
      objectReference: {fileID: 0}
    - target: {fileID: 400000, guid: 960e5d357c0895549848a4719f062fbc, type: 3}
      propertyPath: m_LocalEulerAnglesHint.z
      value: 179.99998
      objectReference: {fileID: 0}
    - target: {fileID: 2300000, guid: 960e5d357c0895549848a4719f062fbc, type: 3}
      propertyPath: m_Materials.Array.data[0]
      value: 
      objectReference: {fileID: 2100000, guid: 3251d1b9f858e2746a7cd413de7c5a58, type: 2}
    - target: {fileID: 3300000, guid: 960e5d357c0895549848a4719f062fbc, type: 3}
      propertyPath: m_Mesh
      value: 
      objectReference: {fileID: 4300000, guid: 960e5d357c0895549848a4719f062fbc, type: 3}
    m_RemovedComponents: []
  m_SourcePrefab: {fileID: 100100000, guid: 960e5d357c0895549848a4719f062fbc, type: 3}
--- !u!4 &1934187187 stripped
Transform:
  m_CorrespondingSourceObject: {fileID: 400000, guid: 960e5d357c0895549848a4719f062fbc,
    type: 3}
  m_PrefabInstance: {fileID: 1905855787}
  m_PrefabAsset: {fileID: 0}
--- !u!1 &2025765002
GameObject:
  m_ObjectHideFlags: 0
  m_CorrespondingSourceObject: {fileID: 0}
  m_PrefabInstance: {fileID: 0}
  m_PrefabAsset: {fileID: 0}
  serializedVersion: 6
  m_Component:
  - component: {fileID: 2025765003}
  m_Layer: 0
  m_Name: Edificios Altos
  m_TagString: Untagged
  m_Icon: {fileID: 0}
  m_NavMeshLayer: 0
  m_StaticEditorFlags: 0
  m_IsActive: 1
--- !u!4 &2025765003
Transform:
  m_ObjectHideFlags: 0
  m_CorrespondingSourceObject: {fileID: 0}
  m_PrefabInstance: {fileID: 0}
  m_PrefabAsset: {fileID: 0}
  m_GameObject: {fileID: 2025765002}
  m_LocalRotation: {x: -0, y: -0, z: -0, w: 1}
  m_LocalPosition: {x: -8.903551, y: -6.251582, z: 31.714867}
  m_LocalScale: {x: 1, y: 1, z: 1}
  m_Children:
  - {fileID: 2029852125}
  - {fileID: 761287178}
  m_Father: {fileID: 764359260}
  m_RootOrder: 1
  m_LocalEulerAnglesHint: {x: 0, y: 0, z: 0}
--- !u!1 &2029852124
GameObject:
  m_ObjectHideFlags: 0
  m_CorrespondingSourceObject: {fileID: 0}
  m_PrefabInstance: {fileID: 0}
  m_PrefabAsset: {fileID: 0}
  serializedVersion: 6
  m_Component:
  - component: {fileID: 2029852125}
  m_Layer: 0
  m_Name: EdificioAlto1
  m_TagString: Untagged
  m_Icon: {fileID: 0}
  m_NavMeshLayer: 0
  m_StaticEditorFlags: 0
  m_IsActive: 1
--- !u!4 &2029852125
Transform:
  m_ObjectHideFlags: 0
  m_CorrespondingSourceObject: {fileID: 0}
  m_PrefabInstance: {fileID: 0}
  m_PrefabAsset: {fileID: 0}
  m_GameObject: {fileID: 2029852124}
  m_LocalRotation: {x: 0, y: 0, z: 0, w: 1}
  m_LocalPosition: {x: 0, y: 0, z: 0}
  m_LocalScale: {x: 1, y: 1, z: 1}
  m_Children:
  - {fileID: 1098652910}
  - {fileID: 672281046}
  - {fileID: 62680985}
  - {fileID: 1406783007}
  - {fileID: 362933419}
  - {fileID: 1610758935}
  m_Father: {fileID: 2025765003}
  m_RootOrder: 0
  m_LocalEulerAnglesHint: {x: 0, y: 0, z: 0}
--- !u!1 &2069550015
GameObject:
  m_ObjectHideFlags: 0
  m_CorrespondingSourceObject: {fileID: 0}
  m_PrefabInstance: {fileID: 0}
  m_PrefabAsset: {fileID: 0}
  serializedVersion: 6
  m_Component:
  - component: {fileID: 2069550016}
  m_Layer: 0
  m_Name: Edificio1
  m_TagString: Untagged
  m_Icon: {fileID: 0}
  m_NavMeshLayer: 0
  m_StaticEditorFlags: 0
  m_IsActive: 1
--- !u!4 &2069550016
Transform:
  m_ObjectHideFlags: 0
  m_CorrespondingSourceObject: {fileID: 0}
  m_PrefabInstance: {fileID: 0}
  m_PrefabAsset: {fileID: 0}
  m_GameObject: {fileID: 2069550015}
  m_LocalRotation: {x: 0, y: 0, z: 0, w: 1}
  m_LocalPosition: {x: 0, y: 0, z: 0}
  m_LocalScale: {x: 1, y: 1, z: 1}
  m_Children:
  - {fileID: 1403793647}
  - {fileID: 946388112}
  m_Father: {fileID: 1228358237}
  m_RootOrder: 0
  m_LocalEulerAnglesHint: {x: 0, y: 0, z: 0}
--- !u!4 &2073048206 stripped
Transform:
  m_CorrespondingSourceObject: {fileID: 4623088121377170, guid: 203a843a109478340a142eda8a571c70,
    type: 3}
  m_PrefabInstance: {fileID: 467156263}
  m_PrefabAsset: {fileID: 0}
--- !u!1 &2099462214
GameObject:
  m_ObjectHideFlags: 0
  m_CorrespondingSourceObject: {fileID: 0}
  m_PrefabInstance: {fileID: 0}
  m_PrefabAsset: {fileID: 0}
  serializedVersion: 6
  m_Component:
  - component: {fileID: 2099462218}
  - component: {fileID: 2099462217}
  - component: {fileID: 2099462216}
  - component: {fileID: 2099462215}
  m_Layer: 0
  m_Name: Plane
  m_TagString: Untagged
  m_Icon: {fileID: 0}
  m_NavMeshLayer: 0
  m_StaticEditorFlags: 0
  m_IsActive: 1
--- !u!64 &2099462215
MeshCollider:
  m_ObjectHideFlags: 0
  m_CorrespondingSourceObject: {fileID: 0}
  m_PrefabInstance: {fileID: 0}
  m_PrefabAsset: {fileID: 0}
  m_GameObject: {fileID: 2099462214}
  m_Material: {fileID: 0}
  m_IsTrigger: 0
  m_Enabled: 1
  serializedVersion: 4
  m_Convex: 0
  m_CookingOptions: 30
  m_Mesh: {fileID: 10209, guid: 0000000000000000e000000000000000, type: 0}
--- !u!23 &2099462216
MeshRenderer:
  m_ObjectHideFlags: 0
  m_CorrespondingSourceObject: {fileID: 0}
  m_PrefabInstance: {fileID: 0}
  m_PrefabAsset: {fileID: 0}
  m_GameObject: {fileID: 2099462214}
  m_Enabled: 1
  m_CastShadows: 1
  m_ReceiveShadows: 1
  m_DynamicOccludee: 1
  m_MotionVectors: 1
  m_LightProbeUsage: 1
  m_ReflectionProbeUsage: 1
  m_RayTracingMode: 2
  m_RenderingLayerMask: 1
  m_RendererPriority: 0
  m_Materials:
  - {fileID: 2100000, guid: 3a43b0a1f29377e4a97c6374af39b6c3, type: 2}
  m_StaticBatchInfo:
    firstSubMesh: 0
    subMeshCount: 0
  m_StaticBatchRoot: {fileID: 0}
  m_ProbeAnchor: {fileID: 0}
  m_LightProbeVolumeOverride: {fileID: 0}
  m_ScaleInLightmap: 1
  m_ReceiveGI: 1
  m_PreserveUVs: 0
  m_IgnoreNormalsForChartDetection: 0
  m_ImportantGI: 0
  m_StitchLightmapSeams: 1
  m_SelectedEditorRenderState: 3
  m_MinimumChartSize: 4
  m_AutoUVMaxDistance: 0.5
  m_AutoUVMaxAngle: 89
  m_LightmapParameters: {fileID: 0}
  m_SortingLayerID: 0
  m_SortingLayer: 0
  m_SortingOrder: 0
--- !u!33 &2099462217
MeshFilter:
  m_ObjectHideFlags: 0
  m_CorrespondingSourceObject: {fileID: 0}
  m_PrefabInstance: {fileID: 0}
  m_PrefabAsset: {fileID: 0}
  m_GameObject: {fileID: 2099462214}
  m_Mesh: {fileID: 10209, guid: 0000000000000000e000000000000000, type: 0}
--- !u!4 &2099462218
Transform:
  m_ObjectHideFlags: 0
  m_CorrespondingSourceObject: {fileID: 0}
  m_PrefabInstance: {fileID: 0}
  m_PrefabAsset: {fileID: 0}
  m_GameObject: {fileID: 2099462214}
  m_LocalRotation: {x: -0, y: -0, z: -0, w: 1}
  m_LocalPosition: {x: 3.466941, y: -2.4399989, z: 5.9340277}
  m_LocalScale: {x: 1.2, y: 1, z: 1.69}
  m_Children: []
  m_Father: {fileID: 2131694665}
  m_RootOrder: 0
  m_LocalEulerAnglesHint: {x: 0, y: 0, z: 0}
--- !u!1 &2131694664
GameObject:
  m_ObjectHideFlags: 0
  m_CorrespondingSourceObject: {fileID: 0}
  m_PrefabInstance: {fileID: 0}
  m_PrefabAsset: {fileID: 0}
  serializedVersion: 6
  m_Component:
  - component: {fileID: 2131694665}
  m_Layer: 0
  m_Name: Extras
  m_TagString: Untagged
  m_Icon: {fileID: 0}
  m_NavMeshLayer: 0
  m_StaticEditorFlags: 0
  m_IsActive: 1
--- !u!4 &2131694665
Transform:
  m_ObjectHideFlags: 0
  m_CorrespondingSourceObject: {fileID: 0}
  m_PrefabInstance: {fileID: 0}
  m_PrefabAsset: {fileID: 0}
  m_GameObject: {fileID: 2131694664}
  m_LocalRotation: {x: -0, y: -0, z: -0, w: 1}
  m_LocalPosition: {x: -11.263526, y: -0.19232726, z: 28.821518}
  m_LocalScale: {x: 1, y: 1, z: 1}
  m_Children:
  - {fileID: 2099462218}
  - {fileID: 57034212}
  - {fileID: 1401243996}
  - {fileID: 1444706384}
  - {fileID: 134721487}
  - {fileID: 705507995}
  m_Father: {fileID: 764359260}
  m_RootOrder: 3
  m_LocalEulerAnglesHint: {x: 0, y: 0, z: 0}
--- !u!1001 &2142471998
PrefabInstance:
  m_ObjectHideFlags: 0
  serializedVersion: 2
  m_Modification:
    m_TransformParent: {fileID: 2069550016}
    m_Modifications:
    - target: {fileID: 1801484294960248, guid: c3fc861d491ff2a4ead81ab33146571f, type: 3}
      propertyPath: m_Name
      value: Building_01_01
      objectReference: {fileID: 0}
    - target: {fileID: 4002537594865620, guid: c3fc861d491ff2a4ead81ab33146571f, type: 3}
      propertyPath: m_RootOrder
      value: 1
      objectReference: {fileID: 0}
    - target: {fileID: 4002537594865620, guid: c3fc861d491ff2a4ead81ab33146571f, type: 3}
      propertyPath: m_LocalPosition.x
      value: 4.519763
      objectReference: {fileID: 0}
    - target: {fileID: 4002537594865620, guid: c3fc861d491ff2a4ead81ab33146571f, type: 3}
      propertyPath: m_LocalPosition.y
      value: 3.63
      objectReference: {fileID: 0}
    - target: {fileID: 4002537594865620, guid: c3fc861d491ff2a4ead81ab33146571f, type: 3}
      propertyPath: m_LocalPosition.z
      value: 5.9374857
      objectReference: {fileID: 0}
    - target: {fileID: 4002537594865620, guid: c3fc861d491ff2a4ead81ab33146571f, type: 3}
      propertyPath: m_LocalRotation.w
      value: 1
      objectReference: {fileID: 0}
    - target: {fileID: 4002537594865620, guid: c3fc861d491ff2a4ead81ab33146571f, type: 3}
      propertyPath: m_LocalRotation.x
      value: -0
      objectReference: {fileID: 0}
    - target: {fileID: 4002537594865620, guid: c3fc861d491ff2a4ead81ab33146571f, type: 3}
      propertyPath: m_LocalRotation.y
      value: -0
      objectReference: {fileID: 0}
    - target: {fileID: 4002537594865620, guid: c3fc861d491ff2a4ead81ab33146571f, type: 3}
      propertyPath: m_LocalRotation.z
      value: -0
      objectReference: {fileID: 0}
    - target: {fileID: 4002537594865620, guid: c3fc861d491ff2a4ead81ab33146571f, type: 3}
      propertyPath: m_LocalEulerAnglesHint.x
      value: 0
      objectReference: {fileID: 0}
    - target: {fileID: 4002537594865620, guid: c3fc861d491ff2a4ead81ab33146571f, type: 3}
      propertyPath: m_LocalEulerAnglesHint.y
      value: 0
      objectReference: {fileID: 0}
    - target: {fileID: 4002537594865620, guid: c3fc861d491ff2a4ead81ab33146571f, type: 3}
      propertyPath: m_LocalEulerAnglesHint.z
      value: 0
      objectReference: {fileID: 0}
    m_RemovedComponents: []
  m_SourcePrefab: {fileID: 100100000, guid: c3fc861d491ff2a4ead81ab33146571f, type: 3}
